3292 5267
650 501 688 567 al

250 682 323 748 Hoc
334 685 382 747 est
393 678 518 745 initium
531 680 702 746 obsidionis
709 677 1014 763 Hierosolymorum.
1033 678 1094 745 los.
1104 678 1141 760 V,
1152 679 1207 761 13,
1222 682 1252 749 7.

252 790 424 871 Legionem
434 788 592 853 decimam
606 785 836 853 munitionibus
848 786 1046 852 exstruendis
1060 791 1247 870 occupatam

172 895 175 900 ’
250 896 358 961 Iudaei
393 914 431 960 eo
464 894 534 960 loco
564 893 842 959 vehementissime
869 893 1109 974 aggrediuntur.
1159 894 1250 960 Titus

175 1051 178 1054 -
252 1003 318 1087 ipse
343 1002 458 1084 legioni
489 1000 606 1066 auxilio
634 1001 723 1065 venit
752 1002 784 1064 et
812 1000 919 1064 hostes
945 998 1079 1082 repellit.
1123 1000 1183 1066 los.
1209 1001 1252 1067 ib.

252 1109 289 1188 V,
310 1110 339 1186 3,
362 1109 392 1173 6.
416 1143 467 1160 -«

252 1215 372 1282 Caesar
398 1216 537 1298 spatium
558 1215 652 1293 illud,
683 1215 769 1297 quod
801 1213 884 1278 inter
905 1213 1045 1296 Scopam
1066 1215 1188 1280 ‘collem
1218 1220 1250 1282 et

252 1325 498 1388 monumentum
533 1320 668 1386 Herodis
706 1319 939 1397 intercedebat,
981 1321 1113 1403 aequari
1153 1322 1251 1388 iubet.

251 1430 312 1494 los.
332 1429 373 1493 ib.
398 1427 435 1506 V,
456 1428 485 1506 3,
507 1428 539 1491 3.
624 1471 628 1478 -

254 1535 339 1600 Dum
360 1535 440 1600 haec
462 1536 628 1616 geruntur,
652 1534 786 1598 loannes
808 1531 990 1597 Giscalenus
1010 1533 1129 1616 templo
1144 1534 1257 1602 ludae-

252 1661 345 1708 orum
393 1641 511 1723 potitus
553 1640 727 1705 zelotarum
773 1639 829 1721 qui
876 1643 1035 1703 vocantur
1076 1639 1251 1708 factionem

251 1748 411 1831 opprimit.
441 1748 501 1813 los.
522 1747 565 1812 ib.
588 1746 624 1825 V,
647 1747 677 1825 3,
700 1747 728 1810 1.
760 1745 861 1810 Tacit.
882 1744 954 1809 hist.
977 1744 1012 1823 V,
1035 1746 1083 1811 la.

67 1857 127 1921 17.
146 1855 225 1938 Apr.
251 1854 342 1920 Titus
363 1873 392 1918 a.
414 1854 444 1919 d.
474 1853 541 1923 XV.
563 1852 625 1918 kal.
649 1850 722 1917 Mai.
752 1850 886 1916 ludaeos
917 1851 1035 1916 trustra
1063 1853 1106 1918 ad
1134 1856 1248 1921 urbem

249 1961 442 2026 tradendam
463 1960 662 2025 adhortatur.
696 1959 755 2024 los.
778 1958 821 2023 ib.
844 1958 882 2036 V,
903 1955 934 2037 3,
956 1957 984 2023 3.

70 2071 128 2134 18.
147 2069 226 2151 Apr.
253 2068 387 2132 Postero
411 2067 462 2131 die
483 2066 593 2132 ludaei
615 2064 797 2148 complures
818 2064 1009 2145 legionarios
1028 2065 1116 2129 iuxta
1139 2070 1253 2148 turres,

255 2193 338 2257 quae
360 2174 527 2239 muliebres
546 2173 755 2265 vocabantur,
776 2171 896 2236 insidiis
919 2171 1046 2237 structis
1059 2173 1253 2256 opprimunt.

256 2280 313 2346 los.
335 2281 377 2345 ib.
401 2316 437 2325 -

72 2386 243 2453 1a-uaa
253 2385 393 2471 Campus
414 2388 488 2453 inde
510 2408 530 2453 a
551 2393 760 2454 monumento
780 2388 916 2455 Herodis
936 2408 1040 2473 usque
1070 2389 1113 2455 ad
1142 2409 1252 2456 muros

248 2514 269 2560 a
285 2494 441 2560 Romanis
462 2499 617 2578 quattuor
635 2496 748 2560 diebus
770 2500 929 2578 aequatur
941 2496 1064 2580 loseph.
1078 2496 1118 2561 ib.
1125 2495 1161 2575 V,
1173 2497 1204 2576 3,
1217 2498 1250 2561 5.

69 2603 124 2668 33.
146 2603 226 2685 Apr.
252 2601 342 2667 Titus
358 2602 469 2668 castris
482 2601 525 2666 ad
539 2604 641 2666 turres
650 2601 846 2684 Psaphinam
862 2606 895 2668 et
908 2602 1085 2686 Hippicum
1098 2603 1252 2686 promotis

251 2708 366 2775 urbem
385 2706 679 2790 Hierosolymorum
701 2712 884 2775 commeatu
900 2709 1096 2774 intercludit.
1134 2708 1193 2774 los.
1207 2708 1249 2773 ib.

250 2814 288 2895 V,
307 2817 336 2893 3,
359 2816 389 2879 5.
411 2812 511 2879 Tacit.
533 2813 605 2879 hist.
631 2813 667 2893 V,
691 2815 738 2880 13.

71 2922 127 2988 34.
145 2923 224 3004 Apr.
250 2922 390 2987 Nicanor
409 2921 496 2986 iussu
516 2920 579 2986 Titi
598 2922 733 2986 ludaeos
762 2922 805 2987 ad
833 2921 1027 2987 deditionem
1057 2921 1249 2987 adhortatus

251 3047 272 3094 a
292 3028 357 3093 suis
377 3028 558 3093 honrinibus
580 3027 777 3094 vulneratur.
811 3029 871 3093 los.
893 3028 936 3094 ib.
959 3027 995 3108 V,
1016 3028 1046 3107 6,
1067 3028 1097 3093 3.

72 3133 249 3200 auersum.
259 3134 398 3200 Romani
427 3153 521 3216 agros
553 3134 623 3200 urbi
655 3134 806 3200 finitimos
834 3136 1014 3201 devastant.
1036 3133 1086 3212 ib3
1118 3152 1250 3217 aggeres

249 3245 432 3318 exstruunt3
461 3241 503 3305 ib.
525 3240 625 3308 Tacit.
647 3240 719 3306 hist.
741 3241 779 3321 V,
802 3243 852 3307 13.
897 3241 957 3306 Dio
979 3241 1069 3308 Cass.
1090 3240 1250 3320 LXV1,4;

250 3366 358 3412 muros
378 3347 529 3412 arietibus
544 3347 661 3413 trustra
681 3351 817 3415 tentant.
850 3348 910 3414 los.
933 3347 976 3413 ib.
997 3347 1036 3426 V,
1056 3349 1087 3428 6,
1109 3347 1202 3413 3-4.

250 3453 358 3519 ludaei
394 3454 563 3535 eruptione
592 3453 679 3521 facta
709 3455 816 3536 ignem
846 3455 1004 3521 machinis
1033 3454 1249 3539 operibusque

252 3560 474 3626 Romanorum
521 3559 677 3637 inferunt3
723 3561 816 3627 Titus
861 3562 928 3646 ipse
973 3562 1006 3628 in
1050 3580 1090 3628 ea
1138 3579 1250 3645 pugna

120 3661 125 3669 ’
251 3666 420 3731 duodecim
443 3665 551 3732 hostes
571 3685 631 3732 sua
652 3685 753 3733 manu
775 3668 933 3735 interficit.
968 3668 1029 3734 los.
1053 3668 1094 3734 ib.
1117 3668 1154 3748 V,
1176 3669 1207 3747 6,
1229 3668 1250 3732 5

251 3775 283 3836 et
303 3773 332 3837 6.
363 3772 450 3838 Suet.
471 3773 533 3837 Tit.
552 3791 581 3836 c.
601 3773 631 3837 5.
666 3772 797 3857 Eutrop,
820 3773 884 3855 Vll,
903 3792 930 3840 e.
953 3774 1001 3840 14.

93 3877 124 3941 7.
142 3874 214 3942 Mai.
251 3878 332 3944 Non.
342 3878 414 3944 Mai.
426 3879 567 3945 Romani
589 3899 645 3962 per
666 3879 817 3945 lacunam
840 3880 874 3945 in
897 3900 991 3945 muro
1012 3879 1250 3963 septentrionali

249 3985 367 4050 factam
404 3986 436 4051 in
471 3987 584 4052 urbem
617 3986 808 4071 irrumpunt.
840 3988 899 4054 los.
926 3987 969 4053 ib.
989 3987 1027 4067 V,
1054 3988 1084 4068 7,
1113 3988 1149 4066 33
1189 3986 1249 4052 Dio

251 4090 339 4157 Cass.
362 4091 468 4172 LXVI,
489 4094 520 4157 5.

79 4195 190 4261 8-11.
202 4196 231 4260 5.
252 4198 343 4264 'litus
358 4200 469 4265 castris
484 4200 571 4265 intra
591 4220 721 4268 murum
744 4204 873 4269 tertium
894 4206 927 4270 et
947 4204 1124 4270 secuudum
1141 4203 1251 4288 positis

250 4323 380 4369 murum
407 4305 550 4371 medium
574 4308 683 4372 statim
714 4310 827 4374 tentat.
871 4308 933 4374 Ios.
954 4310 996 4375 ib.
1017 4310 1055 4391 V,
1076 4310 1107 4390 7,
1127 4310 1156 4374 3.
1189 4309 1249 4375 Dio

131 4409 135 4418 '
253 4408 340 4477 Cass
361 4410 468 4493 LXVI,
485 4415 516 4478 5.
