3292 5267
934 486 967 552 6,

364 657 435 723 idus
467 657 567 725 licias
607 661 716 743 paullo
752 666 826 745 post
862 664 1100 747 aequinoctium
1142 681 1278 729 vernum
1315 682 1395 730 esse.
1461 665 1538 730 Hoc

364 785 493 848 quoque
545 767 616 832 loco
665 768 801 833 eandem
843 774 987 835 veterum
1032 771 1223 853 scriptorum
1264 771 1537 836 consuetudinem

364 873 600 951 cognoscimus:
629 873 798 957 Dionysius
831 876 916 939 enirn
949 877 1036 939 illam
1065 877 1314 941 adnotationem-
1341 896 1360 941 e
1387 876 1536 941 tontibus

363 977 587 1041 vetustioribus
609 982 729 1043 temere
749 980 781 1044 in
803 980 921 1045 librum
943 999 1037 1046 suum
1056 982 1183 1064 reecpit,
1204 1002 1310 1066 neque
1326 1000 1398 1045 earn
1414 998 1536 1045 secun-

363 1081 442 1145 dum
463 1082 562 1148 fastos
582 1085 657 1148 anui
676 1086 798 1165 tuliani,
819 1088 875 1169 qni
895 1087 970 1151 inde
990 1088 1033 1152 ab
1055 1106 1141 1151 anno
1162 1088 1205 1151 46
1225 1107 1256 1170 p.
1279 1087 1355 1152 Chr.
1377 1088 1411 1151 in
1432 1099 1534 1152 usum

260 1231 263 1238 ,
362 1193 527 1266 venerunt,
550 1193 693 1255 correxit

445 1295 480 1358 ln
511 1296 624 1360 eodem
649 1317 755 1362 errore
775 1299 944 1381 Appianus
976 1301 1009 1362 in
1037 1297 1110 1363 belli
1138 1300 1236 1363 civilis
1266 1299 1353 1362 libris
1373 1302 1535 1377 versatur,

362 1420 436 1464 cum
466 1420 505 1465 ea
535 1422 618 1484 quac
653 1408 730 1468 ante
761 1424 884 1468 annum
914 1424 945 1486 p.
971 1404 1047 1469 Chr.
1068 1405 1109 1468 dd
1139 1405 1223 1470 facta
1255 1404 1337 1482 sint,
1365 1406 1535 1469 mensibus

362 1498 538 1590 diebusque
572 1510 665 1573 anuiv
684 1509 794 1575 Iuliani
835 1507 980 1587 definiat;
1011 1507 1156 1593 ‚Appiani
1189 1513 1298 1575 autem
1333 1511 1535 1593 temporibus

362 1632 466 1677 annus
488 1615 628 1679 lulianus
648 1616 713 1679 iam
738 1617 928 1699 plusquam
948 1620 1078 1681 centum
1104 1617 1337 1699 quinquaginta
1364 1634 1467 1680 annos
1498 1616 1536 1680 in

362 1737 422 1783 usu
450 1723 532 1784 erati
563 1720 767 1803 Quamquam
805 1739 871 1786 non
903 1727 953 1786 est
985 1722 1073 1805 quod
1110 1723 1143 1785 in
1178 1722 1334 1786 eiusmodi
1370 1721 1536 1785 erroribus
1618 1805 1619 1808 Ἴ

361 1826 526 1890 hominum
546 1832 687 1891 veterum
710 1828 924 1908 offendamus,
957 1829 1012 1911 qui
1042 1828 1172 1910 quidem
1200 1847 1240 1892 ex
1258 1827 1456 1908 neglegentia
1477 1827 1537 1890 illa
1618 1831 1619 1834 ’

361 1934 522 2013 repetendi
546 1934 625 2011 sint,
654 1953 738 2015 quae
760 1935 848 2015 apud
866 1933 935 1998 illos
957 1935 989 1998 in
1011 1933 1209 2016 temporibus
1230 1933 1417 1997 definiendis
1436 1932 1536 2012 longe

361 2038 489 2121 lateque
511 2043 609 2120 patei.

444 2147 551 2226 Atque
572 2146 640 2208 sine
661 2145 759 2209 dubio
774 2145 870 2208 etiem
886 2144 1040 2226 Iosephus
1061 2144 1121 2208 illis
1143 2145 1270 2209 duobus
1291 2144 1368 2207 locis
1389 2144 1422 2206 in
1443 2143 1536 2207 hunc

362 2270 500 2315 errorem
530 2250 653 2329 incidit,
683 2251 714 2313 id
748 2251 835 2332 quod
866 2251 972 2332 priore
1007 2251 1210 2331 potissimum
1245 2250 1315 2314 loco
1344 2249 1414 2328 (Vl,
1436 2248 1474 2325 l,
1495 2248 1535 2327 5)

363 2357 453 2420 facile
475 2358 543 2420 ficri
565 2359 706 2438 poluisse
728 2376 824 2420 nemo
844 2357 990 2437 negabit:
1021 2355 1075 2419 ubi
1104 2356 1226 2420 auctori
1248 2355 1375 2419 Iudaico
1396 2373 1470 2417 cum
1490 2373 1536 2417 ex

362 2463 430 2526 aliis
463 2465 584 2539 causis,
631 2467 701 2526 tum
733 2483 773 2526 ex
805 2462 1123 2544 synchronismormn
1155 2462 1209 2543 qui
1241 2461 1392 2523 dicuntur
1424 2459 1534 2522 studio

258 2559 260 2563 '
362 2568 507 2649 proclivis
536 2588 623 2632 error
651 2572 730 2631 erat.
782 2568 873 2645 Quae
905 2569 1064 2631 sententia
1093 2585 1192 2649 quam
1222 2585 1298 2629 vere
1327 2566 1368 2629 sit
1398 2584 1438 2628 ex
1467 2563 1533 2627 alio

363 2675 431 2738 loco
453 2673 521 2756 (IV,
546 2677 593 2752 ll,
614 2673 653 2755 4)
674 2678 817 2757 apparet,
840 2673 1069 2755 ubilosephus
1088 2671 1187 2736 tradit
1197 2671 1357 2734 Vitellium
1379 2673 1532 2733 necatum

362 2799 432 2844 csse
471 2785 581 2863 »τρίτῃ
616 2781 715 2865 μηνὸς
747 2779 962 2842 ubertatum.
1026 2778 1169 2842 Vitellius
1208 2781 1318 2841 aulem
1354 2776 1405 2840 die
1434 2775 1532 2839 Xth.

362 2885 544 2951 Decembris
565 2888 658 2969 periit
679 2886 795 2967 (Tacit.
819 2886 891 2948 hist.
914 2884 963 2961 ΙΙΙ,
985 2884 1042 2947 67:
1072 2884 1158 2946 »XV.
1180 2883 1241 2948 kal.
1263 2882 1426 2946 lanuarias
1448 2885 1531 2944 etc«

360 2993 485 3059 Ctinton
512 2995 544 3057 F.
572 2995 611 3058 R.
634 2993 654 3055 Ι.
681 3013 711 3073 p.
733 2993 802 3071 56),
833 2993 903 3069 vel,
935 2992 961 3054 si
991 2990 1058 3054 dies
1090 2990 1228 3072 imperii,
1254 2995 1337 3070 quos
1370 2986 1524 3067 Iosephus

363 3100 623 3163 concinemorsvit
645 3098 708 3178 (ΙΙΙ,
734 3099 782 3174 ll,
803 3098 1104 3179 d),'computemus,
1128 3096 1179 3160 die
1200 3093 1383 3160 Decembris
1404 3093 1474 3156 XX.

445 3206 553 3283 Quum
581 3226 654 3269 vero
685 3205 751 3268 dies
778 3203 828 3267 ΙΙΙ.
851 3204 968 3265 mensis
989 3201 1130 3283 Apellaei
1152 3217 1258 3281 neque
1287 3200 1320 3262 in
1351 3198 1437 3262 diem
1459 3198 1530 3261 XX.

363 3312 544 3376 Decembris
574 3312 683 3376 iuliani
709 3327 814 3391 neque
846 3308 880 3371 in
907 3308 990 3371 diem
1019 3307 1088 3370 XX.
1111 3306 1229 3371 mensis
1258 3304 1407 3369 Hebraici
1426 3304 1532 3367 Kislev

363 3418 521 3495 inciderit,
565 3418 696 3497 contigit
734 3416 859 3479 Norisio
901 3418 938 3478 ut
972 3413 1086 3493 insigni
1127 3431 1201 3476 cum
1235 3412 1409 3491 sagacitate
1444 3411 1531 3472 hunc

363 3525 492 3587 tertium
533 3524 616 3587 diem
650 3522 793 3604 Apellaei
835 3519 1004 3603 Tyriorum
1051 3519 1180 3582 tertium
1221 3517 1304 3580 diem
1346 3516 1532 3581 Decembris

364 3634 564 3709 agnosceret3
587 3630 641 3711 qui
663 3630 783 3692 mensis
802 3628 926 3691 initium
949 3624 1097 3707 capiebat
1117 3644 1138 3687 a
1158 3623 1210 3687 dic
1225 3622 1332 3686 XVIll.
1347 3621 1532 3686 Decembris

364 3737 476 3799 iuliani
497 3735 548 3816 (ct.
571 3736 673 3799 Neris.
695 3735 736 3799 ib.
760 3735 883 3799 dissert.
906 3733 929 3810 l,
951 3733 980 3810 3,
1002 3731 1066 3811 el).

445 3843 554 3924 ltaque
575 3847 641 3905 non
663 3845 729 3904 lam
751 3838 918 3903 verisimile
939 3857 1039 3921 quam
1060 3839 1181 3900 certum
1203 3834 1330 3897 videtur
1349 3833 1532 3915 losephum,

363 3969 436 4014 curn
455 3949 508 4012 illo
530 3949 599 4013 loco
621 3968 639 4012 e
660 3947 747 4011 fonte
761 3946 903 4027 quodam
917 3944 1077 4009 Phoenice
1094 3940 1247 4017 hauriret,
1268 3958 1343 4003 eum
1359 3959 1530 4004 numerum

364 4055 542 4119 inconsulte
581 4054 738 4135 recepisse
781 4070 840 4115 nec
882 4050 1060 4114 secundum
1109 4046 1209 4129 ipsius
1249 4047 1405 4110 fastorum
1444 4064 1531 4109 com·

363 4161 582 4244 putandorum
603 4160 758 4223 rationem
782 4157 967 4221 mutavisse
988 4183 1029 4200 -e

446 4266 566 4329 Eadem
587 4270 697 4328 autern
719 4264 843 4328 ratione
865 4261 960 4325 etlam
982 4261 1063 4325 alter
1083 4259 1132 4323 ille
1150 4258 1239 4323 locus
1260 4258 1310 4351 (ll,
1332 4259 1361 4336 3,
1384 4256 1431 4337 ll:
1455 4259 1531 4339 »τῆς

366 4374 431 4435 τῶν
466 4370 599 4452 ἀζύμων
633 4368 796 4453 ἐνστάσης
832 4367 954 4448 σμέρας
985 4363 1324 4447 τεσσαρεσκαιδεκάτῃ
1359 4363 1529 4433 Ξανθικοῦ
