3292 5267
667 491 700 555 ⁴9

170 672 227 754 111,
250 674 281 754 9,
311 672 348 738 7:
369 670 424 735 καί
445 669 526 753 μεθ’
544 669 671 754 ἡμέραν
692 619 948 743 Οδεσπασιανός
966 694 995 735 κ.
1017 691 1046 735 τ.
1067 667 1109 737 λ’
1163 735 1166 740 ,

185 802 203 841 ε
234 780 283 859 10,
310 780 348 845 6:
369 779 412 862 τῇ
431 777 471 840 δέ
491 775 651 860 ἡστεραίᾳ

184 910 201 948 ν
233 886 346 967 10,10:
367 882 520 949 ἑάλωσαν
539 884 579 946 δέ
598 887 842 962 Γορπιαίου
863 883 964 967 μῃνδς
985 880 1095 968 ὀγδόῃ.

176 1101 227 1181 IV,
252 1102 280 1181 1,
299 1101 338 1166 9:
359 1107 453 1182 μέχρι
475 1098 613 1183 δευτέρᾳ
635 1099 689 1162 καὶ
707 1097 814 1163 είκάδι
830 1100 933 1183 μῃνδς
946 1100 1267 1185 Ὑπερβερεταίου

363 1231 392 1271 κ.
419 1228 449 1270 τ.
478 1206 507 1270 λ.

198 1338 214 1376 ε
245 1313 340 1394 1‚10:
362 1317 454 1396 τρίτῃ
493 1311 549 1374 καὶ
605 1310 713 1376 εἰκάδι
763 1312 867 1395 μηνός
913 1311 1268 1396 Ὑπερβερεταίου

362 1416 505 1501 Γάμαλα
551 1416 656 1498 ἑάλω,
707 1419 764 1500 τῆς
815 1416 1036 1494 ἀποστάσεως
1084 1420 1268 1505 α’ρξαμίιὴς

368 1529 603 1608 Γορπιαίου
623 1524 725 1608 μῃνδς
744 1523 887 1608 τετάρτῃ
908 1525 964 1588 καὶ
986 1524 1101 1592 εἰκάδι.

176 1634 226 1715 lv,
247 1635 277 1713 2,
299 1633 335 1699 3:
359 1632 430 1695 δεῖν
448 1638 561 1713 μέντοι
577 1631 639 1714 τὴν
657 1630 784 1714 ἡμέραν
802 1630 908 1696 αδτδν
930 1631 1056 1716 ἐκείνην
1068 1667 1110 1682 -
1124 1632 1270 1719 δβδομάς

358 1738 420 1820 γάρ
439 1726 483 1822 ἡν
502 1771 543 1786 -
563 1761 594 1803 κ.
614 1759 643 1802 τ.
663 1736 693 1802 λ.
1031 1767 1034 1772 ⁴

130 1893 133 1894 ν
199 1874 215 1901 »
244 1847 274 1925 2,
295 1848 335 1911 5:
361 1848 458 1918 Τίτος
479 1844 517 1908 δέ
538 1844 618 1926 μεθ’
640 1843 766 1927 ἡμέραν
785 1869 817 1909 κ.
831 1866 861 1910 τ.
879 1845 908 1911 λ.

197 1980 214 2009 ι
243 1954 274 2032 7,
296 1953 333 2017 3:
355 1949 496 2035 τετάρτῃ
517 1948 709 2033 Δύστρου
728 1949 842 2035 μηνός.

199 2085 216 2114 »
246 2058 394 2139 8,1εέν
422 2059 461 2121 δέ
488 2056 593 2139 τούτῳ
621 2057 660 2121 τδ
691 2058 768 2140 περὶ
796 2058 858 2142 τὴν
886 2057 1055 2123 Γαλατίαν
1082 2058 1269 2142 άγγέλλεται

362 2170 492 2248 κίνημα,
506 2169 566 2229 καί
584 2163 723 2241 Οδίνδιξ
743 2190 772 2229 κ.
785 2186 815 2230 τ.
833 2165 862 2230 λ

227 2273 277 2339 ib:
362 2274 450 2336 ἔνθα
472 2271 570 2336 δυσίν
592 2271 786 2354 ἡμέραις-
808 2272 852 2356 τῇ
869 2275 962 2358 τρίτῃ
981 2269 1108 2358 προῄει

228 2380 277 2445 ib:
360 2379 499 2462 δευτέρᾳ
518 2382 697 2443 Δαισίου
716 2378 817 2462 μηνὸς
839 2414 876 2426 -
894 2380 936 2464 τῇ
954 2377 993 2442 δὲ
1013 2377 1087 2464 ἑξῆς

196 2508 213 2546 ν
240 2485 330 2566 w:
358 2485 563 2567 Ξανθικῷ
581 2488 670 2568 μηνί.

200 2591 331 2672 »11,4;
360 2591 440 2674 μεθ’
460 2591 586 2675 ἡμέραν
607 2627 645 2638 -
665 2592 720 2655 καί
748 2592 834 2672 μετά
862 2596 944 2673 μίαν
965 2590 1091 2675 ἡμέραν
1113 2626 1152 2639 ·-
1173 2596 1265 2679 τρίτῃ

356 2697 458 2781 μῃνδς
475 2696 719 2761 Ἀπελλαίου
742 2731 779 2743 -
801 2700 843 2782 τῇ
864 2696 904 2760 δέ
922 2694 1084 2783 ὑστεραίᾳ

200 2829 217 2858 ε
229 2804 278 2883 11,
293 2804 330 2868 5:
359 2802 512 2885 δεύτερος
532 2801 623 2884 αὐτῷ
644 2801 799 2885 σταθμός
819 2837 860 2851 -·
880 2803 936 2866 καὶ
955 2806 1062 2884 τρίτος
1080 2802 1267 2888 Πηλούσιον

357 2909 491 2972 -δυσὶ
512 2909 551 2973 δὲ
571 2909 703 2994 ἡμέραις
723 2944 764 2957 -
786 2913 829 2992 τῇ
848 2913 940 2995 τρίτῃ
961 2944 1002 2957 ·-
1022 2910 1181 2993 σταθμόν
1205 2911 1265 2975 ἕνα

361 3050 401 3062 -
419 3020 461 3100 τῇ
490 3015 529 3078 δέ
557 3015 718 3100 ὑστεραίᾳ
740 3050 778 3064 ·—
800 3017 959 3099 σταδμδν
989 3024 1146 3098 τέταρτον
1165 3053 1206 3068 -
1226 3018 1267 3082 τδ

359 3130 524 3205 πέμπτον.

179 3316 217 3397 V,
245 3317 275 3396 2,
296 3318 333 3382 3:
354 3317 433 3398 μεθ’
454 3316 579 3401 ἡμέραν
597 3317 729 3405 ε’κεῖδεν
749 3311 843 3399 άρας.

187 3446 204 3484 ν
247 3424 275 3503 3,
299 3424 335 3489 1:
352 3426 410 3507 τὴς
432 3425 500 3486 τῶν
529 3421 662 3505 α’ζάμων
685 3421 848 3506 δυστάσῃς
871 3422 1007 3507 ἡμέρας,
1029 3440 1262 3507 τεσσαρεσκαι·

355 3526 478 3613 δεκάτῃ
498 3529 719 3601 Ξανθικοῦ
737 3525 849 3613 μῃυός.

187 3663 204 3690 »
246 3635 277 3714 4,
298 3637 335 3701 5:
356 3642 518 3717 τέσσαρσι
538 3633 577 3698 δέ
595 3634 736 3719 ἡμέραις.
761 3670 799 3683 -

101 3809 105 3814 ,
184 3769 200 3796 »
243 3743 273 3821 7,
299 3741 333 3807 l:
353 3743 396 3824 τῇ
414 3741 454 3803 δὲ
475 3740 617 3826 ε’πιοάσῃ
639 3745 734 3805 νυκτί
751 3765 780 3804 κ.
798 3740 874 3805 τ.λ

187 3870 203 3907 υ
245 3849 275 3929 7,
296 3848 334 3913 2τ
353 3847 631 3933 πεντεκαιδεκάτῃ
646 3847 761 3933 ἡμέρᾳ,
778 3844 904 3929 ἑβδόμῃ
921 3832 993 3929 δ’ἡν
1005 3844 1263 3929 Ἀρτεμισίου

349 3974 459 4037 μηνθς·

187 4085 204 4112 »
245 4061 276 4140 8,
299 4059 334 4123 1:
354 4058 460 4143 ἡμέρα
479 4064 618 4141 πέμπτῃ
640 4056 725 4139 μετά
745 4055 784 4118 τδ
807 4058 947 4139 πρῶτον.

187 4190 204 4219 ε
247 4167 278 4244 8,
299 4165 336 4230 2:
354 4164 443 4247 τρισὶ
464 4167 527 4246 μέν
547 4163 702 4243 άντείχον
722 4161 855 4247 ἡμέραις
873 4197 912 4210 -
934 4162 977 4246 τῇ
997 4159 1137 4245 τετάρτῃ
1157 4159 1205 4225 δὲ.

188 4291 205 4329 ν
247 4270 278 4350 9,
299 4271 335 4335 2ο
354 4280 513 4352 τέσσαρσι
532 4272 596 4352 μὲν
611 4257 671 4333 οὖν
688 4267 830 4352 ἡμέραις.

1026 4396 1045 4451 2
