3292 5267
1629 435 1632 591 l

373 596 499 643 menses
519 576 600 643 duos
620 578 750 662 diesque
770 577 880 661 viginti
901 595 1001 660 quam
1025 576 1109 660 patri
1137 580 1347 656 successerat,
1374 578 1475 642 altero
1504 582 1543 643 et
1630 603 1631 632 1

371 686 616 771 quadragesimo
647 686 760 751 aetatis
791 706 907 751 annoe.
967 686 1090 765 Quibus
1125 688 1230 752 verbis
1260 705 1335 751 cum
1363 685 1541 753 Suetonius
1630 727 1631 752 l

370 811 493 857 annum
521 791 662 858 natalem
684 811 749 858 non
771 793 828 871 41,
862 792 919 857 sed
940 793 980 857 39
1001 796 1145 875 spectare
1166 793 1328 872 videatur,
1356 794 1541 858 differentia

370 898 508 963 duorum
530 916 689 963 annorum
711 896 854 962 efficitur.
889 898 1009 962 Eodem
1032 898 1118 964 ducit
1134 899 1203 964 Dio
1224 898 1384 964 Cassius
1404 916 1540 983 quoque

370 1003 407 1086 (l.
423 1002 529 1082 LXVI,
550 1003 611 1083 18),
632 1021 706 1067 curn
727 1002 811 1068 dicat
823 1002 933 1067 Titum
955 1007 1026 1086 post
1049 1008 1185 1069 mortem
1206 1005 1306 1087 patris
1327 1007 1409 1072 duos
1430 1025 1539 1073 annos

371 1109 452 1175 duos
473 1127 597 1173 menses
617 1107 725 1190 viginti
747 1108 813 1173 dies
828 1110 949 1188 vixisse,
971 1109 1024 1172 ἐπ’
1044 1111 1151 1174 ἔτεσιν
1173 1111 1268 1174 ἐννέα
1287 1112 1341 1175 καὶ
1362 1113 1540 1195 τριάκοντα

370 1218 424 1281 καὶ
461 1218 543 1300 μησὶ
575 1224 676 1280 πέντε
704 1218 758 1280 καὶ
792 1216 926 1302 ἡμέραις
961 1227 1062 1280 πέντε
1088 1220 1142 1281 καὶ
1172 1219 1290 1301 εἴκοσι,
1327 1241 1411 1304 quae
1437 1224 1541 1291 verba

370 1324 546 1389 secundum
584 1323 668 1407 leges
706 1324 931 1408 grammaticas
975 1325 1060 1390 hanc
1103 1345 1203 1391 unam
1240 1328 1541 1410 interpretationem

370 1434 562 1513 admittunt,
580 1433 703 1513 Titum,
726 1452 798 1498 oum
820 1434 906 1498 solus
925 1434 1099 1516 imperator
1119 1434 1225 1515 lieret,
1245 1455 1348 1501 annos
1368 1438 1542 1522 undequa-

372 1542 518 1626 draginta
540 1560 666 1607 menses
686 1541 829 1625 quinque
849 1544 980 1625 diesque
1000 1543 1108 1625 viginti
1131 1544 1273 1627 quinque
1295 1548 1408 1610 natum
1427 1545 1541 1613 tuisse:

370 1670 475 1736 neque
510 1652 595 1717 enirn
630 1651 826 1734 praepositio
858 1652 954 1713 »ἐπίι
991 1653 1161 1735 conjuncta
1195 1672 1268 1718 cum
1306 1654 1415 1719 dativo
1449 1656 1541 1721 aliud

370 1757 543 1839 significat,
573 1758 632 1823 nisi
660 1757 742 1824 duos
770 1776 873 1850 annos
902 1758 982 1821 duos
1003 1777 1129 1823 menses
1150 1758 1217 1822 dies
1239 1759 1348 1840 viginti
1369 1760 1542 1846 undequa-

370 1864 518 1946 draginta
550 1864 643 1932 anuis
673 1864 837 1928 mensibus
870 1863 1011 1947 quinque
1049 1863 1161 1929 diebus
1195 1865 1336 1948 quinque
1367 1870 1399 1930 et
1428 1867 1542 1952 viginti

370 1973 536 2040 addendos
556 1992 634 2038 esse.

452 2098 540 2166 idem
571 2098 742 2164 confirmat
762 2096 987 2181 Eutropius
1008 2097 1078 2177 Vll,
1109 2099 1164 2164 DT:
1192 2117 1250 2181 per
1277 2098 1359 2162 haec
1387 2097 1543 2164 inusitato

371 2208 481 2274 lavore
495 2207 627 2272 dilectus
640 2207 754 2271 morbo
768 2207 861 2291 periit
873 2208 906 2271 in
923 2226 972 2286 ea,
994 2227 1059 2290 qua
1071 2209 1172 2289 pater,
1188 2206 1262 2270 villa
1277 2210 1349 2288 post
1363 2207 1541 2286 biennium,

371 2335 496 2381 menses
514 2319 585 2382 octo
607 2314 755 2397 (fortasse
770 2315 972 2380 librariorum
990 2317 1154 2394 mendum,
1175 2336 1234 2399 pro
1249 2315 1325 2397 duo)
1341 2316 1407 2381 dies
1418 2316 1542 2399 viginti,

371 2443 470 2509 quam
490 2425 665 2512 imperator
686 2427 754 2490 erat
777 2422 897 2503 factus,
925 2426 1039 2490 aetatis
1068 2442 1156 2492 anno
1182 2424 1284 2490 altero
1305 2427 1336 2487 et
1358 2424 1542 2507 quadrage·

370 2533 460 2602 simo.
507 2533 651 2620 Denique
669 2533 819 2602 Aurelii
844 2531 1006 2600 Victoris
1035 2532 1099 2617 epit
1119 2531 1166 2612 X,
1195 2533 1234 2597 15
1266 2532 1410 2598 exhibet:
1444 2534 1542 2600 »vixit

371 2662 473 2710 annos
493 2643 708 2728 quadraginta
729 2661 870 2722 unum«,
900 2642 1058 2707 mensium
1087 2641 1275 2724 dierumque
1303 2643 1445 2706 numeris
1471 2643 1542 2707 sine
1629 2687 1630 2690 κ

371 2751 470 2819 dubio
499 2752 644 2820 consulto
675 2753 813 2833 omissis;
845 2750 953 2818 Titum
984 2751 1080 2833 igitur
1106 2769 1136 2816 a.
1157 2750 1189 2814 d.
1209 2749 1265 2829 ΙΙΙ,
1286 2749 1347 2815 kal.
1368 2748 1435 2818 Ian.
1455 2768 1485 2815 a.
1507 2770 1540 2834 p.

371 2858 446 2926 Chr.
465 2860 505 2925 39
526 2863 640 2928 uatum
661 2859 740 2924 vult

451 2986 532 3052 Neo
560 2984 856 3054 Philostratus
882 2984 915 3050 in
947 2983 1014 3048 vita
1042 2980 1146 3065 Apoll.
1173 2980 1275 3064 Tyan.
1297 2980 1352 3060 Vl,
1381 2981 1422 3046 30
1449 2981 1542 3048 aliter

371 3096 511 3164 iudicare
530 3096 670 3174 uidetur,
698 3112 772 3162 cum
801 3112 841 3158 eo
869 3091 939 3157 loco
959 3091 1069 3156 Titum
1097 3089 1211 3155 dixisse
1237 3089 1360 3155 tradat:
1393 3089 1473 3171 »ἐγώ
1501 3090 1543 3154 δὲ
1627 3179 1630 3184 Ι

373 3206 430 3289 ἔτη
450 3208 512 3287 μὲν
532 3204 708 3288 τριάκοντα
729 3205 826 3265 ταυτὶ
844 3209 977 3283 γέγονα(
999 3198 1076 3281 (scil.
1098 3216 1127 3264 a„
1149 3198 1182 3263 d.
1203 3197 1252 3261 ΠΙ.
1274 3197 1336 3263 kal.
1354 3198 1420 3265 Ian.
1436 3218 1468 3268 a·
1486 3200 1542 3279 70)

375 3313 543 3398 »equidem
577 3313 666 3379 hunc
697 3332 821 3379 annum
851 3311 1054 3392 trigesimum·
1088 3306 1242 3390 expiem.
1304 3306 1395 3384 Quae
1430 3308 1542 3387 verbe,

373 3423 455 3490 sicut
484 3441 523 3489 ex
551 3421 619 3505 ipso
639 3440 726 3488 nexu
748 3420 981 3487 sententiarum
1004 3419 1156 3500 apparet,
1186 3415 1275 3479 nullo
1305 3414 1367 3479 alio
1397 3418 1543 3498 ternpore

373 3532 579 3615 pronuntiata
608 3550 677 3596 esse
703 3533 854 3614 possunt,
891 3527 950 3594 nisi
978 3515 1055 3591 ante
1084 3524 1182 3592 finem
1212 3523 1330 3590 mensis
1359 3522 1543 3590 Decembris

374 3640 451 3708 anni
479 3660 511 3722 p.
538 3638 615 3706 (ihr.
647 3640 705 3717 703
741 3659 820 3706 narn
850 3657 878 3703 a
909 3637 940 3701 d.
969 3635 1018 3700 ΙΙΙ
1049 3633 1111 3700 kal.
1141 3633 1303 3702 lanuarias
1331 3653 1360 3699 a.
1384 3634 1425 3697 70
1450 3632 1543 3699 Titus

373 3767 496 3814 annum
517 3749 630 3815 aetatis
650 3748 849 3830 trigesimum
868 3745 1008 3828 primum
1030 3743 1172 3809 coniecit.
1217 3740 1299 3807 Cum
1323 3745 1431 3808 autem
1451 3741 1543 3806 Titus

374 3852 427 3922 illa
446 3853 544 3920 verba
565 3854 655 3919 Tarsi
675 3847 930 3939 pronuntiavisse
952 3850 1091 3928 dicatur,
1123 3848 1179 3931 qui
1200 3848 1264 3916 iam
1286 3866 1316 3913 a.
1338 3849 1369 3915 d.
1389 3847 1457 3916 XV.
1478 3847 1541 3916 kal.

374 3958 563 4028 Decembres
576 3959 684 4043 Beryti
698 3960 844 4026 moratus
857 3961 905 4022 est
921 3954 1130 4037 (vidiosepbi
1152 3953 1223 4018 bell.
1239 3954 1356 4024 ludaic.
1371 3954 1431 4035 VII,
1451 3954 1482 4032 D,
1504 3954 1542 4029 33

375 4067 504 4134 Clinlon
533 4066 605 4133 fast.
626 4067 721 4133 Rom.
741 4066 771 4143 Ι,
800 4086 832 4147 p.
856 4065 927 4145 66),
959 4065 1012 4131 vix
1040 4063 1173 4132 dubium
1201 4064 1327 4127 videtur
1358 4063 1436 4145 quin
1464 4061 1543 4128 illud

253 4235 256 4242 .
375 4174 569 4258 colloquium
599 4195 673 4242 cum
693 4174 865 4257 Apollonio
884 4173 1044 4256 Tyanensi
1072 4172 1137 4236 iam
1166 4190 1253 4238 anno
1281 4192 1312 4254 p.
1334 4169 1408 4236 Chr.
1426 4169 1486 4251 70,
1510 4171 1543 4235 at

375 4283 452 4350 aule
472 4281 559 4350 diem
578 4281 630 4348 30.
650 4280 834 4350 Decembris
856 4279 997 4363 qudem,
1016 4278 1164 4346 habitum
1184 4278 1234 4344 sit
