3292 5267
910 533 912 538 ,
948 434 970 499 8

456 613 494 693 ΙΙ,
517 613 566 694 19,
585 614 622 677 5:
643 617 744 675 πέντε
778 614 842 693 μέν
877 600 937 676 οὖν
968 611 1101 697 ἡμέραις
1132 612 1307 678 πάντοθεν
1343 616 1555 698 ἐπιχειροῦσι

703 720 771 790 τοῖς
788 715 960 799 Ῥωμαίοις
971 717 1141 804 α’μὴχανος
1156 710 1199 804 ἡν
1216 721 1238 804 ἡ
1260 718 1438 804 προσβολή.

520 825 569 890 ib:
645 824 685 905 τὴ
704 822 743 885 δέ
764 820 915 907 ε’πιοάσῃ.

456 932 492 1010 ΙΙ,
512 932 560 1010 19,
582 930 619 995 71
639 932 682 1012 τῇ
700 928 739 991 δέ
760 927 902 1024 έπιούσῃ

516 1037 566 1102 ib:
642 1037 729 1099 ἔνθα
750 1034 812 1099 δύο
832 1040 893 1118 μέν
913 1035 1035 1119 ἡμέρας
1054 1037 1226 1117 ἐπέμεινεν
1247 1037 1266 1099 ὁ
1287 1043 1429 1111 Κέστιος.

515 1143 564 1208 ibt
638 1144 680 1224 τὴ
698 1146 790 1225 τρίτῃ
812 1142 859 1206 δέ.

454 1249 491 1330 Π,
514 1249 562 1327 19,
583 1248 621 1312 9:
639 1247 960 1311 ἔωθενδδίουδαῖοι.

516 1355 565 1419 ib:
642 1352 720 1417 δδέ
739 1355 796 1436 τὴς
814 1352 940 1428 νυκτός.

516 1460 565 1525 ib:
640 1457 720 1541 μεθ’
738 1457 872 1542 ἡμέραν.

515 1567 566 1631 ib:
642 1570 743 1630 Δίου
768 1566 870 1648 μηνός
890 1565 1007 1652 ὀγδόῃ,
1034 1567 1209 1649 δωδεκάτῳ
1231 1571 1297 1633 ἔτει
1315 1575 1372 1653 τὴς
1392 1577 1552 1653 Νέρωνος

702 1672 885 1752 ἡγεμονίας.
1134 1743 1136 1750 ⁴

454 1780 511 1859 ΠΙ,
534 1779 567 1858 7,
595 1778 633 1842 3:
664 1776 696 1840 οἱ
714 1782 777 1858 μέν
799 1766 859 1841 οὖν
876 1786 1056 1861 τέσσαρσιν
1076 1778 1209 1862 ἡμέραις
1230 1780 1468 1864 ἐξειργάσαντο.

478 1908 495 1946 κ
528 1885 577 1950 ib:
658 1877 1550 1969 τῇπέμπτῃδὲδ’1άσῃπος,αῧτῃδέὴνἎρτεμισίου

715 1990 818 2073 μῃνδς
839 1988 967 2068 εἷκοστὴ
987 1989 1112 2075 πράτῃ,
1134 2017 1161 2056 κ.
1184 2016 1212 2057 τ.
1234 1993 1262 2057 ί.

475 2122 491 2157 ι
520 2099 553 2177 7,
571 2096 609 2161 4ι
630 2094 731 2168 ου’τδς
751 2094 790 2157 δέ
809 2097 896 2176 μετά
916 2101 998 2178 μίαν
1019 2097 1149 2181 ἡμέραν.

474 2227 490 2262 ι
522 2204 553 2282 7,
575 2204 614 2268 52
634 2208 804 2288 γενομένης
823 2200 863 2263 δέ
883 2201 963 2284 μεθ’
983 2201 1108 2286 ἡμέραν
1130 2203 1322 2286 προσβολῆς.

477 2338 492 2365 »
524 2311 574 2376 ib:
633 2305 906 2389 παραταξάμενοι
925 2308 964 2370 δέ
985 2308 1020 2372 δέ
1037 2305 1112 2393 δίης
1131 2309 1262 2393 ἡμέρας.

474 2440 490 2475 κ
522 2417 552 2495 7,
571 2416 608 2480 6:
632 2417 674 2497 τὴ
693 2413 731 2476 δέ
754 2411 925 2496 ἡστεραίμ.

474 2545 490 2580 κ
522 2523 552 2602 7,
575 2521 630 2588 17:
650 2522 692 2603 τῇ
710 2520 749 2583 δέ
770 2517 845 2603 ἑξῆς
865 2518 992 2603 δμοίως,
1014 2521 1068 2583 καὶ
1090 2524 1132 2606 τῇ
1150 2525 1242 2605 τρίτῃ

472 2652 488 2687 ι
520 2628 550 2707 7,
571 2627 628 2693 92ι
650 2625 727 2709 περὶ
750 2625 788 2688 δέ
807 2625 927 2709 δείλην.

474 2759 490 2794 κ
522 2734 551 2812 7,
570 2734 627 2798 74τ
647 2732 715 2796 δπδ
736 2732 782 2795 δέ»
796 2731 859 2817 τὴν
880 2733 922 2795 ἔω
939 2731 1194 2806 Οὐεσπασιανός
1213 2756 1243 2794 κ.
1264 2755 1292 2796 τ.
1316 2731 1345 2794 λ.

472 2864 488 2902 κ
521 2842 551 2920 7,
572 2841 630 2905 99ι
652 2837 759 2903 εἰκάδι
777 2842 840 2920 μὲν
860 2828 922 2902 οὖν

473 2970 490 3008 κ
523 2947 553 3027 7,
574 2947 632 3012 31:
652 2943 739 3008 κατά
758 2943 797 3007 δέ
816 2944 877 3018 τοὶς
896 2942 1001 3016 αδτάς
1019 2941 1141 3026 ἡμέρας
1160 2941 1417 3016 Ουἐσπασιανός
1435 2943 1541 3007 κ.τ.λ.

475 3077 491 3112 κ
521 3053 567 3118 ib:
650 3058 788 3134 πέμπτῃ
807 3050 863 3114 καὶ
884 3047 991 3113 εἰκάδι
1011 3054 1192 3113 Δαισίου
1214 3048 1323 3132 μηνός.

472 3183 488 3218 κ
519 3160 550 3239 7,
568 3158 625 3224 37ι
646 3161 822 3222 Δαισίου
841 3156 944 3239 μῃνδς
961 3154 1067 3218 εἰκάδι
1087 3154 1142 3217 καὶ
1164 3152 1290 3239 ἑβδόμῃ
1310 3154 1476 3238 ἐπράχθη.

474 3291 490 3329 κ
522 3270 552 3348 7,
573 3269 630 3333 33:
648 3268 898 3347 τεσσαρακοστῇ
918 3267 981 3346 μέν
998 3263 1104 3347 ἡμέρᾳ
1125 3264 1180 3326 καὶ
1199 3261 1324 3347 ἑβδόμῃ
1340 3263 1384 3326 τά
1396 3263 1540 3345 χώματα

683 3397 712 3436 κ.
738 3395 766 3435 τ.
796 3371 825 3438 λ.

473 3508 490 3546 κ
525 3485 555 3562 7,
578 3482 635 3548 34:
655 3481 741 3544 κατά
762 3481 801 3544 δέ
820 3480 883 3561 τὴν
902 3481 1112 3562 μηνυθεῖσαν
1133 3473 1230 3559 ὥραν.

474 3614 490 3652 κ
523 3591 552 3669 7,
573 3589 630 3655 36:
652 3587 724 3651 κατ’
744 3589 870 3671 ἐκείνην
892 3589 955 3669 μέν
974 3574 1036 3649 οὖν
1056 3584 1117 3669 τὴν
1136 3584 1262 3667 ἡμέραν

515 3699 567 3764 ib:
648 3701 720 3771 ταῖς
741 3697 780 3761 δέ
800 3693 979 3768 ἐπιούσαις.

516 3807 563 3872 ib:
644 3804 901 3888 τρισκαιδεκάτῳ
951 3806 1008 3887 τὴς
1046 3806 1194 3882 Νέρωνος
1240 3798 1412 3881 ἡγεμονίας
1459 3801 1536 3879 ἔτει,

697 3920 893 3995 Πανέμου
913 3915 1080 3994 νουμηνίᾳ.

476 4051 492 4086 κ
545 4025 575 4102 8,
615 4026 647 4087 1:
669 4020 732 4085 δύο
752 4025 814 4103 μὲν
835 4012 894 4085 οὖν
912 4020 1034 4105 ἡμέρας
1055 4053 1091 4066 ·-
1107 4020 1149 4099 τῇ
1171 4016 1209 4079 δέ
1229 4019 1320 4099 τρίτῃ

470 4159 489 4196 τ
539 4135 570 4212 9,
613 4133 648 4195 1:
666 4127 806 4214 τετάρτῃ
827 4130 866 4194 δέ
883 4137 1078 4212 Πανέμου
1100 4124 1209 4210 μηνός.

470 4265 487 4303 ε
536 4240 567 4320 9,
609 4237 645 4301 7:
667 4236 755 4297 ἔνθα
783 4243 878 4318 μέχρι
907 4239 970 4317 μέν
992 4234 1123 4317 ἡμερῶν
1152 4231 1255 4295 εἴκοσι
1281 4230 1340 4313 τὴν
1370 4229 1531 4311 στρατιάν

696 4363 725 4405 κ
752 4361 781 4405 τ.
810 4340 839 4405 ί.
887 4396 889 4398 ,
