3292 5267
664 433 684 499 7

83 614 195 698 μηνὸς
223 637 252 679 κ.
280 636 308 677 τ.
339 613 388 678 t«
423 613 514 679 iaoile
550 616 583 678 et
606 615 785 697 opportune
814 613 1007 696 explicatur:
1043 632 1148 696 neque
1177 610 1269 679 enim

84 720 245 803 Iosephus
278 719 345 803 ipse
382 719 472 788 testis
509 718 591 782 iliius
621 717 731 800 templi
768 718 1010 801 expugnationis
1046 718 1123 799 fuit,
1160 738 1260 803 quum

84 826 238 910 captivus
273 826 307 889 in
337 823 450 890 eastris
478 824 634 889 Romanis
665 828 853 890 moraretur.
909 825 1002 890 Unde
1028 824 1178 903 efficitur,
1210 845 1261 903 ea,

85 951 178 1015 quae
198 933 283 996 intra
306 930 435 997 moenia
450 928 746 1013 Hierosolymorum
760 931 942 1009 acciderint,
966 931 1026 995 nisi
1042 952 1100 1014 per
1113 931 1260 1009 Iudaeos

86 1040 150 1121 qui
170 1037 265 1104 rebus
287 1038 495 1116 interessent,
515 1041 630 1119 postea
651 1035 786 1120 Iosepho
808 1037 957 1101 nuntiata
978 1055 1134 1103 essenon
1156 1053 1259 1121 posse.

84 1143 151 1208 Vix
174 1143 268 1225 igitur
289 1143 423 1207 dubium
444 1142 588 1221 videtur,
615 1143 693 1224 quin
729 1142 795 1207 dies
820 1141 901 1207 XIV.
923 1142 1075 1209 Xanthioi
1101 1143 1163 1208 hoo
1191 1143 1261 1206 looo

85 1250 160 1315 dies
180 1249 260 1315 XIV.
281 1249 399 1314 mensis
413 1248 531 1314 Iudaici
546 1248 655 1327 Nisan,
674 1267 739 1313 non
754 1249 871 1330 Aprilis
885 1248 1006 1327 baliani,
1029 1248 1259 1331 intellegendus

86 1355 142 1420 sit.
198 1355 352 1437 Iosephus
389 1354 519 1420 inanem
565 1353 709 1419 lahorem
749 1373 958 1419 numerorum
999 1354 1260 1436 corrigendorum

87 1461 253 1544 suscipere
273 1461 384 1527 noluit.

175 1568 211 1632 ln
226 1568 275 1633 his
290 1570 401 1631 autem
421 1565 497 1631 loeis
513 1565 633 1649 paucio,
654 1565 720 1647 qui,
742 1569 778 1630 ut
791 1566 838 1630 ait
853 1564 1003 1644 IdeleruS,
1027 1565 1260 1631 dubitationem

89 1672 216 1738 nullam
249 1673 448 1756 relinquunt,
481 1672 558 1755 quin
586 1670 740 1753 Iosephus
769 1688 904 1736 snorum
938 1672 1138 1756 popularium
1172 1671 1261 1737 fastis

87 1796 170 1845 usus
198 1779 254 1858 sit,
285 1797 412 1843 summa
441 1779 489 1843 vis
517 1777 802 1860 argumentationis
823 1777 936 1843 Norisii
961 1778 1130 1845 cardinalis
1159 1779 1261 1861 posita

88 1887 151 1950 est.
221 1882 312 1961 Quae
355 1886 521 1965 praeterea
566 1883 608 1948 ab
654 1882 767 1948 eodem
809 1887 842 1948 et
879 1882 932 1965 qui
970 1901 1044 1947 eum
1084 1887 1261 1966 sequuntur

87 1990 191 2056 allata
211 1992 303 2068 sunt,
333 1989 399 2054 fere
423 1989 536 2055 eodem
562 1989 631 2054 iure
659 1989 907 2056 insententiam
925 1989 1132 2054 contrariam:
1162 1991 1261 2055 fastos

87 2096 219 2179 losephi
239 2095 377 2161 Iulianos
398 2112 484 2172 esse,
504 2096 612 2161 vocari
632 2098 777 2177 possunt.
828 2093 892 2159 Sed
920 2099 1094 2178 antequam
1118 2095 1158 2161 ad
1176 2096 1262 2161 hano

88 2201 284 2268 sententiam
307 2201 581 2284 comprobandam
603 2204 713 2268 nostra
734 2204 927 2283 argumenta
945 2200 1135 2279 afferamus
1158 2203 1200 2266 ab
1223 2222 1261 2266 eo

89 2309 182 2392 quod
198 2309 399 2391 propositum
415 2313 545 2374 estnon
561 2307 865 2373 abhorrebitomnes
876 2307 945 2372 illos
960 2307 1047 2372 locos
1061 2327 1261 2387 enumerare,

89 2415 150 2499 qui
167 2416 200 2479 in
215 2414 301 2478 libris
310 2413 435 2496 Iosephi
449 2415 491 2480 ad
507 2418 652 2480 nostram
661 2417 882 2497 quaestionem
899 2414 1089 2496 pertineant.
1116 2413 1261 2492 Quorum

90 2523 283 2603 conspectus
304 2519 355 2584 hio
375 2522 439 2586 est:

176 2625 341 2691 Be11.Iud.
367 2625 404 2704 Π,
427 2624 475 2702 11,
499 2625 536 2688 4:
558 2626 755 2705 Ἀρτεμισίου
774 2623 885 2708 μηνός.

209 2759 225 2786 »
271 2732 319 2809 15,
341 2732 378 2795 2:
399 2731 506 2793 ταῦτα
520 2734 582 2811 μὲν
604 2718 662 2793 οὖν
685 2728 899 2814 ἑκκαιδεκάτῃ
913 2732 1014 2813 μηνός
1031 2732 1261 2813 Ἀρτεμισίου

407 2840 538 2920 συνέβη.

258 2943 308 3007 ib:
403 2945 445 3027 τῇ
464 2943 504 3006 δὲ
525 2941 667 3028 ἐπιούσῃ
688 2968 715 3008 κ.
731 2966 761 3006 τ.
777 2943 808 3008 λ.

207 3077 223 3104 »
268 3051 321 3129 17,Ι
337 3052 374 3114 5:
403 3048 490 3112 ἑπτά
508 3057 569 3130 μέν
591 3038 649 3113 οὖν
668 3050 811 3134 ἡμέραις.

209 3184 225 3211 »
271 3156 377 3235 17,6;
404 3155 607 3240 τῇδεὲξῆς.

207 3285 223 3321 ›
269 3263 316 3340 17,
339 3264 372 3326 72
402 3264 443 3345 τῇ
459 3262 498 3324 δὲ
512 3261 595 3346 ἑξῆς,
613 3264 892 3349 πεντεκαιδεκάτη
910 3266 948 3330 δὲ
965 3254 1006 3350 ηἰ·
1017 3266 1136 3334 Λώου
1149 3269 1260 3352 μηνός.

207 3391 223 3427 ι
269 3369 317 3447 17,
337 3369 373 3432 8:
402 3370 579 3449 ταῦταμὲν
596 3357 655 3433 οὖν
670 3371 745 3453 ἕκτῃ
755 3376 966 3451 Γορπιαίου
981 3373 1083 3456 μηνός
1095 3375 1261 3459 ἐπράχθη.

210 3501 226 3529 a
271 3475 378 3552 17,10:
406 3473 461 3537 καὶ
488 3475 549 3556 γάρ
576 3474 619 3559 δή
647 3474 807 3562 σαββάτῳ
836 3481 958 3561 συνέβη
984 3484 1176 3564 πραχθῆναι
1202 3482 1262 3545 τόν

404 3602 517 3661 φονον.

207 3708 223 3743 ι
269 3687 318 3765 18,
342 3687 377 3750 1:
406 3688 464 3768 τῆς
485 3686 522 3747 δὲ
541 3684 641 3768 αὐτῆς
659 3685 788 3768 ἡμέρας,

177 3790 214 3870 11,
236 3792 284 3872 18,
307 3792 345 3856 3:
367 3790 427 3854 δύο
447 3795 509 3872 μὲν
527 3791 647 3875 ἡμέρας
666 3791 835 3876 ἠρέμησαν
855 3791 887 3856 οἵ
908 3796 1163 3862 Σκυθοπολῖται.

238 3896 289 3960 ibt
366 3900 408 3979 τῇ
426 3897 464 3958 δὲ
482 3901 574 3980 τρίτη
594 3896 683 3960 νυκτὶ
707 3932 745 3944 -
767 3898 981 3982 α’πίσφαξαν.

177 4000 213 4078 II,
236 4002 284 4080 19,
308 4001 345 4066 4:
368 4002 453 4083 τρισὶ
473 4006 535 4083 μὲν
555 4002 687 4087 ἡμέραις
708 4002 766 4066 oon
787 4005 950 4087 ἐπεχείρει
970 4008 1011 4089 τῇ
1032 4007 1137 4072 πόλει.

241 4107 291 4171 ih:
368 4111 409 4191 τῇ
429 4107 569 4193 τετάρτη
584 4109 631 4188 δὲ,
651 4105 719 4193 ἥτις
737 4099 779 4192 ἦν
800 4112 932 4190 τριακάς
944 4113 1261 4198 Ὑπερβερεταίου

425 4213 535 4297 μηνός,
556 4239 584 4279 κ.
604 4237 632 4281 τ.
653 4214 681 4280 λ.

240 4317 287 4383 ib:
361 4319 432 4382 κατ’
452 4319 557 4407 αὐτην
577 4323 704 4406 ἐκείνην
724 4321 785 4406 την
803 4317 902 4404 ὥραν.
