3292 5267
676 1518 709 1582 Ι.

195 1657 402 1741 Quamquam
444 1663 477 1723 et
515 1661 625 1722 nostra
664 1660 769 1722 aetate
811 1661 843 1723 et
884 1659 1042 1741 prioribus
1080 1659 1278 1742 temporibus

112 1764 292 1846 complures
322 1765 381 1828 viri
428 1764 512 1829 docti
552 1765 593 1828 de
624 1763 694 1826 vitis
730 1763 960 1845 imperatorum
996 1784 1014 1828 e
1044 1768 1138 1846 gente
1169 1765 1278 1830 Flavia

111 1874 256 1935 ortorum
277 1870 486 1951 scripserunt,
514 1872 623 1933 tamen
651 1869 761 1950 negari
788 1889 854 1933 non
882 1874 987 1952 potest
1014 1871 1047 1934 in
1075 1871 1111 1934 iis
1131 1872 1279 1950 maxime,

112 1997 196 2060 quae
231 1978 275 2042 ad
314 1981 496 2060 temporum
531 1977 675 2041 ordinem
711 1977 929 2042 definiendum
962 1978 1140 2060 pertinent,
1177 1979 1279 2044 multa

110 2105 275 2169 superesse
304 2087 420 2150 rectius
448 2086 655 2152 enucleanda.
713 2088 806 2153 Hanc
839 2087 935 2168 igitur
961 2088 1208 2169 disputationem
1236 2088 1279 2152 ad

111 2214 186 2260 eum
220 2194 317 2260 finem
357 2196 575 2275 instituimus*
603 2201 638 2260 ut
677 2196 915 2280 quaestionibus
950 2195 1141 2278 quibusdam
1176 2196 1280 2260 dubiis

110 2302 343 2384 pertractandis
394 2302 547 2367 nonnulla
589 2302 631 2367 ad
667 2301 730 2367 Titi
772 2320 881 2366 rerum
925 2305 1086 2383 gestarum
1133 2302 1277 2366 ordinem

111 2407 335 2472 stabiliendum
357 2408 569 2472 conferamus.

192 2512 240 2576 Ac
260 2514 401 2594 primum
422 2514 551 2596 quidem
570 2533 685 2591 annus
707 2533 772 2596 quo
786 2513 879 2577 Titus
900 2516 996 2577 natus
1017 2515 1074 2590 est,
1097 2512 1128 2576 in
1151 2512 1278 2578 dubita-

110 2622 232 2686 tionem
263 2626 413 2700 vocatur,
443 2640 544 2704 quare
573 2642 691 2705 operae
721 2624 860 2704 pretium
888 2621 1012 2685 videtur
1041 2623 1082 2686 de
1111 2641 1150 2687 eo
1179 2623 1278 2687 fusius

110 2732 270 2796 disserere.
306 2731 512 2814 Quamquam
526 2733 592 2797 dies
606 2730 720 2796 natalis
735 2731 790 2812 qui
802 2729 897 2793 luerit
910 2731 992 2794 inter
1008 2749 1119 2795 omnes
1134 2734 1274 2796 constat:

19 2873 22 2878 ⁴
109 2857 188 2905 nam
217 2839 305 2922 quod
326 2839 495 2904 Suetonius
523 2840 555 2905 in
586 2841 652 2904 vita
673 2839 735 2903 Titi
756 2838 804 2916 (ll.
831 2838 864 2916 1)
890 2839 1044 2921 expressis
1069 2839 1174 2903 verbis
1203 2839 1278 2903 dicit

111 2964 185 3011 eum
218 2948 331 3009 natum
359 2963 427 3008 esse
453 2962 483 3007 a.
513 2946 545 3009 d.
578 2945 626 3009 ΙΙΙ.
658 2944 720 3008 kal.
756 2943 936 3022 lanuarias,
974 2945 1059 3009 idem
1092 2945 1277 3010 testimoniis

110 3052 220 3117 Dionis
239 3051 337 3117 Cassii
366 3052 432 3134 (lib.
462 3053 575 3132 LXVI,
601 3054 651 3133 18)
683 3058 716 3118 et
744 3053 927 3118 Philostrati
958 3053 991 3116 in
1022 3054 1088 3119 vita
1117 3053 1276 3136 Apollonii

108 3159 287 3243 Tyanensis
308 3160 370 3240 (Vl.
392 3159 446 3241 30)
467 3162 705 3244 comprobatur,
727 3164 764 3225 ut
784 3161 867 3225 inira
888 3161 1189 3227 demonstrabimus.

191 3266 352 3331 Difficilius
373 3269 420 3331 est
437 3267 667 3344 demonstrare,
690 3286 754 3350 quo
776 3286 863 3331 anno
886 3267 1058 3348 imperator
1075 3266 1166 3332 Titus
1182 3271 1278 3334 natus

107 3376 158 3454 sit,
180 3379 350 3458 propterea
372 3375 460 3456 quod
475 3378 618 3439 veterum
641 3376 823 3441 testimonia
847 3377 888 3440 de
908 3394 947 3439 ea
964 3395 1000 3440 re
1021 3376 1276 3459 haudquaquam

107 3484 192 3547 inter
220 3502 254 3547 se
292 3484 470 3548 consentire
508 3484 664 3549 videntur.
717 3484 826 3566 Atque
857 3483 1029 3549 Suetonius
1057 3485 1090 3548 in
1121 3485 1188 3551 vita
1214 3485 1276 3550 'liti

108 3609 136 3653 c.
161 3589 188 3668 1,
205 3588 303 3652 tradit
323 3608 397 3653 eum
419 3592 532 3656 natum
556 3611 624 3656 esse
647 3591 778 3672 >insigni
800 3609 888 3656 anno
901 3589 1024 3655 Gaiana
1046 3608 1155 3670 nece«,
1176 3591 1209 3656 id
1229 3595 1278 3658 est

108 3716 196 3761 anno
227 3717 259 3778 p.
289 3696 362 3763 Chr.
388 3699 447 3762 41:
477 3700 553 3763 item
581 3699 730 3764 Aurelius
751 3699 857 3763 Victor
882 3699 914 3762 in
942 3697 1117 3764 Caesarum
1143 3718 1214 3782 cap.
1236 3700 1276 3777 X,

107 3805 164 3870 ubi
190 3824 264 3869 eum
285 3809 447 3871 mortuum
469 3806 531 3872 fert
550 3826 638 3872 anno
658 3807 772 3872 aetatis
793 3806 1056 3890 quadragesimo,
1089 3808 1116 3871 si
1145 3809 1275 3890 quidem

108 3912 200 3977 Titus
234 3932 321 3978 anno
347 3915 384 3978 81
423 3919 568 3981 mortuus
605 3920 652 3979 est
689 3914 739 3994 (cl.
767 3914 828 3980 Dio
851 3901 966 3993 lxvi,
999 3916 1038 3979 18
1068 3914 1275 3997 eiusdemque

109 4022 301 4102 epitomator
327 4021 468 4088 Zonaras
497 4023 549 4088 Xl.
573 4024 641 4104 18),
673 4042 795 4089 annum
826 4045 858 4106 p.
880 4023 953 4089 Chr.
975 4024 1013 4087 41
1043 4024 1184 4089 natalem
1213 4025 1275 4090 Titi

109 4126 275 4209 significat.
325 4129 424 4210 Atqui
453 4129 537 4193 idem
567 4129 790 4194 Suetonius
812 4130 902 4210 (Tit.
924 4150 951 4194 c.
975 4129 1026 4206 11)
1055 4129 1163 4193 Titum
1188 4150 1276 4196 anno

109 4233 222 4298 aetatis
243 4251 308 4297 non
326 4235 581 4316 quadragesimo,
603 4237 660 4300 sed
681 4235 927 4319 quadragesimo
949 4234 1089 4299 secundo
1111 4240 1275 4302 mortuum

111 4358 178 4406 esse
205 4341 318 4407 refert:
349 4345 499 4408 »excessit
517 4342 608 4408 Titus
638 4344 680 4408 id.
700 4341 911 4426 Septembris,
942 4348 1015 4426 post
1044 4343 1208 4408 biennium
1236 4363 1276 4410 ac

1030 4448 1044 4501 l
