3292 5267
669 513 693 578 5.

99 691 251 773 exemplis
271 691 499 769 demonstrem,
532 691 686 756 eiusmodi
709 692 980 773 comparationes,
1010 692 1096 757 unde
1117 693 1260 758 Norisius
1367 774 1370 777 ἦ

99 805 131 865 el
151 800 182 879 ii,
204 800 259 882 qui
279 799 408 862 abelus
428 798 572 880 partibus
587 801 683 876 stant,
704 798 889 878 gravissima
905 803 1094 878 argumenta
1112 802 1262 882 repetunt

98 907 249 986 leguntur
267 906 300 968 in
320 904 356 967 B.
378 904 444 968 lud.
467 904 516 979 Vl,
535 903 602 981 4,5;
624 906 754 985 »παρῆν
773 902 811 964 δὲ
833 938 874 947 -
895 901 1105 986 ἐνεπρήσθη(

480 1009 516 1088 V,
536 1010 600 1086 3,1:
624 1009 697 1071 »καὶ
712 1010 769 1091 τῆς
781 1011 847 1070 τῶν
861 1008 992 1088 ἀζύμων
1007 1045 1043 1056 ·-
1055 1008 1259 1087 Αἰγυπτίων(

96 1116 260 1199 liquibus
280 1114 342 1179 hoc
354 1114 452 1179 modo
467 1114 674 1179 concludunt:
698 1133 771 1200 curn
786 1113 940 1197 templum
964 1114 1262 1179 aNebucadnezare

96 1222 149 1285 die
170 1221 209 1286 X.
225 1220 342 1285 mensis
363 1220 415 1284 Ab
437 1220 577 1283 deletum
595 1220 635 1283 sit
655 1219 820 1301 (teremiae
841 1238 910 1301 cap.
922 1221 972 1298 52,
997 1219 1061 1299 12),
1084 1220 1260 1284 secundum
1376 1266 1379 1273 .

95 1327 224 1409 losephi
258 1326 474 1391 testimonium
503 1324 572 1406 (VI,
600 1326 665 1405 4,5)
691 1328 799 1390 autem
827 1326 981 1407 templum
1007 1325 1121 1391 aTito
1149 1325 1263 1390 eodem

96 1433 166 1511 die,
193 1452 308 1515 nempe
336 1432 387 1496 die
417 1431 456 1496 Χ.
478 1431 595 1495 mensis
616 1430 672 1495 Loi
692 1432 934 1509 incensumsit,
966 1452 1062 1514 porro
1082 1451 1155 1496 curn
1177 1450 1264 1495 anno

95 1560 130 1621 p.
152 1538 226 1603 Chr.
249 1540 290 1602 70
310 1537 377 1602 dies
397 1537 436 1602 Χ.
457 1537 512 1601 Ab
538 1536 570 1600 in
597 1537 681 1614 diem
710 1537 749 1602 Χ.
769 1538 887 1600 mensis
907 1537 1185 1620 Syromacedonici
1213 1536 1264 1600 vel

94 1644 208 1709 Iuliani
228 1644 284 1709 Lei
312 1662 377 1707 non
397 1642 558 1721 inciderit,
583 1642 726 1724 sequitur
755 1646 792 1707 ut
813 1640 966 1726 Iosephus
995 1662 1137 1708 mensem
1160 1644 1262 1707 Loum

94 1750 259 1831 intellegat
291 1769 433 1814 mensem
464 1748 686 1814 Hebraeorum
713 1749 766 1815 Ab
799 1749 1052 1815 kalendario
1096 1750 1264 1813 scilicet

95 1856 315 1934 Hebraico,
342 1875 424 1921 non
444 1856 625 1935 Iuliano,
654 1874 759 1920 usus.

178 1961 288 2040 Qualis
318 1962 480 2028 conclusio
509 1981 608 2046 quam
642 1962 682 2025 sit
714 1960 828 2041 fallax,
859 1962 1019 2026 neminem
1052 1962 1166 2042 lugiet,
1208 1964 1263 2044 qui

95 2069 251 2134 memoria
280 2070 386 2133 teneat
416 2088 516 2151 quarn
546 2068 763 2150 indiligenter,
798 2088 839 2132 ne
866 2068 971 2133 dicam
1003 2068 1110 2131 leviter
1140 2073 1263 2132 veteres

95 2194 204 2239 rerum
238 2174 404 2255 scriptores
438 2174 471 2237 in
506 2173 593 2238 libris
625 2175 689 2238 suis
725 2177 874 2255 tempora
906 2173 1038 2237 definire
1076 2173 1159 2237 soliti
1190 2172 1262 2236 sint.

94 2281 253 2345 Nimirum
268 2280 462 2363 saepissime
492 2279 701 2357 factumest,
731 2282 767 2343 ut
791 2299 849 2359 ea,
879 2298 964 2362 quae
995 2279 1101 2343 multis
1131 2280 1263 2343 saeculis

94 2389 172 2451 ante
215 2386 401 2465 acciderint,
452 2386 632 2450 inconsulte
679 2386 856 2450 secundum
898 2386 1040 2466 ipsorum
1082 2389 1263 2467 temporum

94 2492 282 2557 kalendaria
313 2491 543 2571 describerent,
580 2489 725 2575 quamvis
765 2510 805 2555 ea
842 2510 863 2555 a
900 2490 1044 2573 priorum
1080 2494 1263 2572 temporum

95 2599 219 2661 ratione
240 2597 332 2661 valde
353 2598 578 2680 discreparent.

179 2702 276 2768 Cuius
296 2703 343 2766 rei
370 2703 515 2783 exempla
543 2701 698 2766 nonnulla
727 2701 889 2767 luculenta
916 2702 1031 2766 afferre
1056 2703 1133 2766 mihi
1154 2702 1262 2767 liceat:

94 2808 288 2873 Plutarchus
329 2809 362 2872 in
395 2809 479 2872 ritae
510 2806 653 2872 Caesaris
690 2826 716 2872 c.
746 2808 788 2871 56
827 2808 901 2872 dicit
932 2807 1101 2873 Gaesarem
1144 2809 1263 2873 bellum

95 2919 207 2978 contra
245 2914 433 2997 Pompeium
467 2914 672 3002 eiusdemque
715 2912 798 2977 filios
838 2932 948 2995 pugna
988 2914 1074 2997 apud
1108 2914 1263 2978 Mundam

95 3021 266 3084 commissa
286 3020 440 3106 finivisse,
462 3019 550 3102 quod
570 3018 724 3100 proelium
745 3018 957 3098 Liberalibus,
986 3020 1006 3084 i.
1028 3040 1056 3086 e.
1078 3039 1107 3084 a.
1129 3020 1159 3083 d.
1182 3020 1261 3083 XVL

94 3125 158 3189 kal.
178 3124 303 3206 Apriles
330 3126 408 3189 anni
434 3126 475 3189 45
496 3126 617 3190 factum
638 3125 697 3202 sit3
726 3125 783 3189 sed
811 3126 926 3189 eodem
958 3125 1008 3190 die
1038 3117 1103 3191 scil.
1125 3128 1201 3190 anni
1221 3127 1263 3190 49

95 3230 193 3294 etiam
222 3230 411 3312 Pompeium
442 3231 484 3295 ad
521 3231 639 3296 bellum
669 3230 848 3313 profectum
878 3251 946 3296 esse
1046 3234 1102 3315 qui
1133 3233 1262 3316 quidem

94 3355 126 3400 a.
156 3336 187 3400 d.
215 3335 295 3399 XVI.
324 3337 385 3401 kal.
406 3338 531 3419 Apriles
555 3358 585 3402 a.
606 3337 647 3401 49
674 3337 835 3404 Brundisii
862 3356 978 3402 navem
1006 3339 1191 3403 conscendit
1224 3374 1262 3384 -

94 3442 214 3505 bellum
246 3441 340 3522 igitur
371 3446 524 3524 quattuor
553 3444 652 3506 iustos
672 3461 776 3506 annos
797 3444 953 3508 tenuisset
987 3443 1062 3506 »aaa
1091 3454 1196 3524 μέσον
1225 3443 1286 3512 δὲ.

93 3545 209 3627 χρόνος
241 3544 414 3628 τεσσάρων
442 3546 598 3610 ἐνιαυτῶν
626 3547 775 3629 diritate«.
836 3548 908 3627 Qua
939 3550 972 3613 in
1008 3569 1044 3614 re
1070 3549 1262 3615 Plutarchus

95 3658 154 3717 aut
175 3652 291 3716 oblitus
307 3655 355 3715 est
375 3655 431 3716 aut
452 3653 596 3716 consulto
617 3653 814 3734 praeteriite
835 3653 922 3717 tastis
943 3656 1019 3719 anni
1032 3656 1073 3719 td
1095 3655 1130 3721 C.
1149 3657 1261 3719 lulium

96 3757 267 3823 Caesarem
289 3759 453 3839 sexaginta
475 3759 542 3823 dies
563 3759 705 3838 eiecisse3
735 3760 906 3841 Pompeius
928 3759 1023 3841 igitur
1045 3781 1081 3825 re
1100 3782 1176 3826 vera
1197 3782 1261 3826 non

95 3884 126 3928 a.
154 3865 185 3927 d.
208 3863 287 3927 XVl.
309 3864 370 3927 lral.
385 3864 531 3947 Apriles,
561 3864 617 3927 sed
649 3883 759 3929 mense
780 3865 929 3931 Ianuario
955 3867 988 3930 in
1010 3865 1176 3933 Graeciam
1203 3889 1263 3950 pro

97 3969 198 4033 fectus
218 3974 274 4033 est.
300 4004 330 4014 —

178 4074 346 4157 Dionysius
382 4074 686 4155 Halicarnassensis,
721 4077 775 4159 qui
806 4078 890 4142 circa
922 4091 1045 4141 annum
1075 4078 1116 4142 30
1136 4098 1164 4142 a.
1188 4077 1262 4143 Chr.

95 4182 225 4245 demum
246 4182 386 4246 Romam
407 4181 493 4244 venit
514 4181 622 4263 itaque
643 4181 738 4266 libros
762 4184 1060 4265 suosconscripsit,
1090 4188 1261 4267 postquam

97 4287 215 4353 Caesar
236 4286 337 4350 fastos
359 4285 516 4382 correxit,
547 4286 579 4350 in
617 4287 706 4351 arch.
726 4288 811 4352 Rom
833 4287 863 4367 I,
886 4289 926 4353 ΒΞ
953 4290 1051 4353 tradit
1076 4288 1262 4370 Lupercalia

96 4392 248 4458 celebrari
264 4410 374 4472 mense
385 4391 560 4455 Februario
582 4396 654 4473 post
676 4393 847 4468 solstitium
868 4394 1029 4470 brumale;
1053 4395 1137 4459 idem
1159 4395 1181 4472 l,
1203 4396 1260 4483 38:
