3292 5267
672 499 695 565 3

177 679 329 745 Videmus
357 677 450 760 igitur
479 678 545 743 duo
571 676 754 743 testimonia
783 674 867 740 inter
902 693 936 739 se
968 673 1064 757 plane
1083 679 1262 757 repugnare

92 791 158 869 ita,
190 794 227 855 ut
255 789 444 854 alterutrum
465 786 582 852 falsum
604 803 673 851 esse
690 784 871 869 putandum
894 783 944 848 sit.
993 782 1104 866 Neque
1135 783 1262 850 difficile

50 903 53 908 '
93 898 155 962 erit
183 898 401 962 demonstrare
427 896 514 977 prius
541 895 618 960 illud
644 891 787 960 Suetonil
813 892 1046 969 testirnnnium,
1082 892 1259 960 secundum

93 1007 184 1089 quod
204 1005 295 1070 Titus
318 1005 464 1070 ennodi
487 1007 583 1069 natus
604 1022 674 1068 esse
695 1001 803 1079 fertur,
828 1000 915 1083 quod
937 993 1086 1064 Aurelius
1098 999 1205 1067 Victor
1226 1004 1259 1069 in

94 1114 284 1180 Caesaribus
312 1109 491 1177 inconsulto
519 1115 646 1176 secutus
677 1123 745 1175 esse
772 1109 917 1188 videtur,
949 1099 1154 1174 reiiciendum
1183 1131 1260 1177 esse.

93 1220 190 1299 Quod
211 1219 425 1284 testimonium
456 1233 530 1282 eum
561 1235 619 1299 per
650 1235 686 1281 se
714 1235 829 1298 pamm
858 1211 1003 1279 firmetur
1025 1217 1096 1278 tum
1116 1217 1262 1298 protinus

96 1329 335 1410 intellegemus,
357 1344 424 1408 quo
444 1326 542 1390 modo
562 1325 733 1390 Suetonius
753 1322 796 1389 ad
816 1319 905 1387 illurn
927 1337 1068 1387 errorem
1089 1325 1262 1406 perductus

94 1438 193 1502 sit-
207 1436 374 1517 Proprium
395 1436 481 1499 enim
502 1433 583 1498 illius
598 1451 706 1498 rerum
720 1432 881 1514 scriptoris
897 1434 955 1510 est,
976 1436 1013 1497 ut
1033 1433 1261 1515 imperatorum

94 1545 221 1612 invitis
247 1543 461 1609 describendis
488 1543 555 1606 fala
583 1560 697 1623 resque
729 1545 835 1622 gestas
873 1544 1019 1606 conectat
1046 1557 1120 1607 eum
1148 1562 1260 1609 eorum

96 1656 151 1737 qui
172 1654 415 1736 praecesserunt
436 1649 507 1715 fatis
526 1650 687 1733 rebusque
707 1650 815 1730 gestis,
837 1668 903 1733 qua
922 1650 1150 1718 eonsuetudine
1170 1651 1262 1717 facile

95 1781 217 1828 errores
238 1763 455 1844 procreantur.
499 1759 533 1822 ld
555 1758 641 1840 quod
662 1756 814 1823 hocloco
835 1757 957 1822 accidit
999 1758 1154 1842 Loquitur
1175 1761 1261 1824 enim

95 1867 265 1933 Suetonius
284 1867 325 1930 de
344 1864 539 1940 Britannico,
562 1862 627 1926 filio
647 1862 845 1944 imperatoris
865 1862 1002 1942 Claudii,
1024 1882 1122 1948 quern
1141 1866 1262 1933 sciebat

95 1993 162 2039 una
183 1993 257 2038 curn
278 1971 352 2035 Tito
373 1969 545 2034 educatum
568 1987 652 2047 esse,
673 1967 736 2031 vid.
777 1967 865 2032 Suet.
884 1968 946 2034 Tit.
968 1987 996 2033 c.
1017 1971 1055 2033 i:
1089 1970 1262 2038 »educatus

96 2086 128 2147 in
149 2079 225 2149 aula
244 2097 319 2145 num
341 2079 524 2144 Britannico
543 2077 655 2156 simul,
684 2093 723 2143 ao
750 2077 882 2159 paribus
912 2078 1081 2161 disciplinis
1109 2084 1141 2145 et
1174 2082 1262 2164 apud

96 2185 226 2255 eosdem
247 2188 413 2266 magistros
434 2183 626 2248 institutus«.
668 2183 761 2247 Unde
788 2185 909 2248 temere
936 2184 1152 2250 coniecturam
1180 2189 1262 2270 cepit

96 2300 177 2363 duos
197 2313 312 2378 pueros
335 2294 477 2359 eiusdem
496 2294 610 2358 aetatis
631 2292 744 2368 fuisse3
774 2296 873 2376 atque
893 2313 966 2359 cum
988 2294 1189 2361 Britannicus
1210 2296 1262 2362 die

97 2402 249 2483 vigesimo
263 2400 386 2483 imperii
399 2397 534 2477 Claudii,
555 2399 588 2462 id
608 2402 655 2462 est
671 2398 712 2462 id.
724 2397 903 2463 Februariis
918 2400 996 2464 anni
1010 2401 1048 2464 41
1065 2404 1160 2466 natus
1172 2407 1263 2482 esset,

98 2511 194 2573 etiarn
216 2507 300 2574 diem
323 2505 464 2570 natalem
485 2501 548 2568 Titi
569 2504 671 2568 eidem
693 2523 790 2583 anno,
813 2524 878 2587 quo
894 2504 1039 2586 Caligula
1056 2507 1264 2591 interemptus

97 2619 154 2693 est,
175 2611 293 2678 tribuit.
335 2609 421 2675 Idem
442 2612 551 2675 autem
570 2610 671 2675 altero
691 2611 762 2675 loco
783 2611 857 2692 (Tit.
878 2631 905 2676 e.
923 2612 972 2693 11)
992 2609 1054 2676 Titi
1072 2615 1263 2679 curriculum

98 2723 181 2787 vitae
202 2717 235 2785 et
256 2737 379 2783 annum
401 2716 541 2779 natalem
563 2719 648 2780 recte
670 2716 820 2781 delinivit.
863 2715 919 2782 Est
939 2719 1034 2800 igitur
1055 2717 1106 2783 hic
1121 2719 1264 2785 Suetonii

97 2848 185 2896 error
206 2847 244 2891 ex
265 2821 497 2907 synchronisrni
518 2822 660 2904 quodam
682 2841 797 2903 genere
817 2825 1026 2906 repetenduS,
1060 2827 1149 2890 cuius
1177 2830 1265 2909 apud

97 2941 220 3001 veteres
241 2936 273 2996 et
298 2927 464 2995 Romanos
485 2935 517 2995 et
537 2930 675 2996 Graecos
696 2929 855 3013 permulta
875 2933 1020 3014 exempla
1040 2938 1124 2998 sunt.

181 3059 330 3125 Ceterum
362 3076 427 3137 qua
460 3056 583 3120 ratione
604 3056 775 3120 Suetonius
797 3076 933 3135 annum,
963 3078 1027 3140 quo
1049 3061 1184 3144 quisque
1204 3063 1263 3126 im·

99 3174 227 3253 perator
256 3165 351 3230 natus
381 3164 431 3228 vel
465 3168 610 3232 mortuus
643 3168 699 3244 sit,
733 3165 987 3231 circumscribere
1014 3170 1130 3248 soleat,
1160 3191 1263 3253 pauca

98 3276 281 3343 testimonia
303 3269 570 3355 adprobandum
592 3275 767 3339 sufficiant:
789 3275 888 3339 Suet.
910 3274 1033 3339 Tiber.
1055 3296 1081 3340 o.
1101 3280 1139 3341 5:
1169 3284 1264 3344 natus

98 3390 148 3450 est
166 3386 290 3449 Romae
316 3418 349 3426 —
375 3387 448 3466 post
468 3382 589 3447 bellum
611 3382 845 3465 Philippense«.

99 3513 200 3577 Suet.
222 3508 350 3574 Claud.
374 3530 401 3574 c.
422 3511 459 3573 δε
488 3508 639 3574 Claudius
665 3512 760 3571 natus
788 3512 836 3571 est
857 3507 926 3573 Kal.
947 3508 1031 3591 Aug.
1052 3510 1210 3593 Lugduni,
1227 3534 1266 3579 eo

184 3620 255 3701 ipso
276 3618 337 3695 die,
359 3636 424 3700 quo
447 3617 583 3700 primum
606 3635 663 3681 ara
683 3617 728 3684 ibi
745 3616 892 3697 Augusto
913 3619 1059 3685 dedicata
1078 3624 1135 3684 est.

102 3729 191 3794 Suet.
212 3728 286 3792 Ner.
309 3745 336 3789 c.
358 3725 397 3790 6:
427 3726 512 3791 Nero
533 3728 627 3790 natus
647 3729 694 3789 est
716 3726 803 3790 Antii
822 3730 893 3807 post
913 3746 1000 3793 nono
1021 3750 1147 3809 mense,
1168 3751 1267 3813 quam

186 3833 332 3899 Tiberius
353 3835 495 3899 excessit.

104 3944 192 4008 Suet.
209 3941 282 4007 Ner.
303 3960 331 4006 c.
355 3943 414 4008 57:
446 3942 523 4007 obiit
543 3942 701 4006 tricesimo
722 3945 755 4006 εῖ
775 3943 919 4009 secundo
939 3946 1052 4010 aetatis
1072 3964 1178 4023 anno,
1207 3948 1269 4026 die,

187 4066 253 4131 quo
274 4047 439 4129 quondam
459 4045 628 4113 Octaviam
649 4047 863 4113 interemerat.

105 4153 194 4219 Suet
216 4152 309 4236 Vesp.
336 4172 362 4218 ε.
384 4154 420 4218 t:
454 4153 666 4235 Vespasianus
693 4156 788 4218 natus
817 4157 926 4219 estin
955 4155 1081 4221 Sabinis
1110 4193 1146 4204 —
1175 4159 1270 4241 quin·

109 4244 249 4342 quennio
268 4264 444 4342 antequam
466 4260 631 4341 Augustus
649 4259 821 4325 exoederet.
