3292 5267
926 457 966 524 12

369 641 411 723 ’τῇ
424 635 545 701 ἑαυτοῦ
556 634 638 719 χειρὶ
651 634 694 698 οδ
714 634 827 717 βιβλία
841 635 1044 718 δημοσιῶσαι
1061 634 1289 718 moucheim),
1309 654 1352 701 an
1367 637 1541 704 credamus

365 745 536 828 losephum
556 743 590 807 in
609 743 645 806 iis
665 742 851 807 kalendario
872 761 965 807 usum
988 762 1071 821 esse,
1093 743 1181 826 quod
1202 746 1330 827 praeter
1350 745 1538 809 sacerdotes

368 851 503 917 ludaeos
533 868 629 914 nemo
660 848 793 913 tortasse
820 867 925 932 neque
947 849 1184 928 Romanorum,
1214 868 1319 931 neque
1341 850 1542 916 Graecorum

368 956 588 1038 intellegeret?

449 1061 540 1142 Quae
553 1059 710 1142 vcogitatio
733 1059 801 1141 ipsa
821 1060 989 1125 absurdior
1010 1060 1153 1139 videtur,
1182 1079 1281 1143 quarn
1312 1079 1397 1144 quae
1420 1061 1543 1144 proba·

370 1169 440 1235 bilis
459 1167 626 1233 habeatur.
684 1165 749 1231 Gur
785 1185 883 1249 porro
911 1171 1023 1232 auctor
1057 1167 1221 1231 mensibus
1248 1166 1382 1231 Iudaicis
1408 1168 1546 1233 nomina

368 1274 491 1339 Graeca
522 1273 699 1354 eademque
728 1273 887 1337 mensium
908 1272 1295 1356 Syro-Macedonicorum
1319 1274 1427 1353 daret,
1455 1294 1545 1357 quae

366 1381 400 1445 in
429 1379 570 1444 finitimis
600 1378 770 1462 provinciis
788 1378 943 1444 Romanis
972 1382 1051 1443 nota
1080 1383 1112 1443 et
1140 1380 1173 1443 in
1194 1395 1252 1444 usu
1273 1385 1396 1459 essent,
1428 1382 1486 1446 sed
1508 1383 1544 1446 in

369 1485 413 1550 eis
438 1485 541 1568 spatia
569 1488 750 1568 temporum
780 1504 911 1567 prorsus
932 1485 996 1550 alia
1016 1485 1246 1568 significarent,
1275 1487 1320 1551 ita
1350 1490 1385 1551 ut
1415 1507 1545 1553 errores

367 1591 458 1657 vitari
480 1592 534 1656 vix
554 1594 707 1674 possent?
753 1634 755 1639 ,

448 1697 512 1763 Sed
532 1717 582 1763 res
605 1698 701 1763 etiam
725 1697 891 1762 dilucidius
912 1697 1125 1763 demonstrari
1146 1701 1270 1780 potest:

449 1802 573 1869 Menses
607 1803 783 1869 Hebraicos
822 1807 950 1868 constat
994 1804 1255 1870 accommodatos
1288 1805 1384 1869 fuisse
1423 1806 1544 1885 cursui,

367 1910 489 1989 lunari,
513 1911 608 1976 solari
628 1910 783 1988 Iulianos,
810 1928 948 1992 quorum
981 1910 1024 1973 illi
1051 1911 1150 1974 modo
1179 1911 1412 1993 undetriginta,
1441 1914 1545 1977 modo

369 2017 500 2100 triginta
520 2017 588 2081 dies
609 2016 919 2099 complectebantur,
948 2015 981 2080 hi
1001 2016 1098 2081 modo
1119 2017 1265 2097 triginta,
1293 2018 1390 2082 modo
1409 2019 1545 2100 triginta

367 2143 479 2189 unum.

449 2229 619 2311 losephum
647 2231 756 2293 autem
789 2246 917 2305 menses
950 2228 1070 2293 solares
1109 2228 1290 2310 intellegere
1327 2234 1360 2294 et
1398 2250 1432 2295 re
1461 2250 1545 2296 vera

295 2315 303 2327 ⁸
367 2352 492 2400 menses
512 2334 644 2417 triginta
664 2334 757 2399 unius
786 2335 913 2400 dierum
943 2333 1031 2416 apud
1058 2334 1196 2398 eundern
1226 2336 1473 2401 commemorari
1499 2356 1544 2402 ex

368 2442 418 2506 his
440 2460 524 2524 quae
544 2443 723 2523 sequuntur
745 2441 931 2523 apparebit:

450 2546 553 2613 Galba
586 2549 761 2630 imperator
785 2547 846 2612 fuit
871 2547 945 2612 inde
975 2547 1017 2612 ab
1047 2567 1077 2612 a.
1100 2549 1130 2612 d.
1152 2547 1189 2611 V.
1211 2547 1253 2611 id.
1272 2547 1341 2611 lun.
1364 2566 1466 2632 usque
1495 2550 1542 2614 ad

367 2654 556 2721 aunum.
577 2653 640 2719 hal.
662 2654 754 2719 Febr.
771 2654 822 2719 69.
846 2652 913 2736 (vid
935 2654 1026 2719 Tacit
1047 2655 1119 2718 hist.
1132 2655 1155 2732 l,
1177 2653 1313 2718 al-nt
1338 2654 1540 2720 »XVllllral

366 2764 457 2828 Febr.
487 2761 679 2827 sacrificanti
708 2763 787 2825 etc«
832 2759 917 2824 Plut.
949 2760 1039 2824 Galb.
1070 2779 1096 2823 c.
1128 2760 1186 2824 24:
1224 2761 1315 2841 »apd
1355 2760 1543 2823 δεκαοκοῶν

366 2868 537 2933 καλανδῶν
566 2871 826 2950 Φεβρουαρίωνιε.
870 2866 930 2932 Dio
952 2865 1078 2932 Cassius
1100 2866 1214 2945 LXVl,
1239 2868 1310 2931 171'
1328 2865 1391 2929 κοῖκ
1420 2862 1543 2931 τούτου

368 2979 543 3058 συμβαίνει
572 2972 723 3038 ἐνιαυτόν
750 2996 788 3035 τε
816 2974 871 3036 καὶ
892 2973 1014 3037 εἴκοσιν
1034 2975 1170 3057 ἡμέρας,
1198 2972 1269 3036 α’πδ
1298 2978 1358 3037 τοῦ
1387 2974 1542 3037 θανάτου

367 3084 427 3144 τοῦ
454 3086 603 3162 Νέρωνος
636 3087 731 3161 μέχρι
761 3083 818 3163 τῆς
849 3082 909 3143 τοῦ
939 3079 1197 3144 Οὐεσπασιανοῦ
1232 3080 1347 3163 αρχῆς,
1381 3081 1539 3145 διελθεῖν.

368 3186 508 3265 Glinton,
529 3186 562 3252 F.
584 3186 625 3252 R.
647 3186 669 3265 l,
691 3208 722 3270 p.
740 3185 845 3261 51l52.
867 3190 899 3251 et
920 3186 970 3251 dl.

429 3303 431 3308 '
448 3293 609 3374 Regnavit
631 3293 725 3375 igitur
746 3293 849 3359 Galba
870 3292 936 3358 dies
954 3292 1024 3357 221.

447 3399 600 3482 Iosephus
621 3400 675 3479 (ib.
696 3400 747 3479 IV,
769 3401 804 3478 9,
827 3398 861 3482 h)
883 3419 957 3465 eum
986 3418 1135 3481 regnasse
1166 3399 1242 3462 dicit
1268 3416 1394 3461 menses
1424 3397 1541 3462 aton-

367 3506 505 3588 demque
526 3504 612 3584 dies,
625 3506 657 3569 id
680 3507 766 3589 quod
788 3525 861 3571 cum
887 3506 989 3571 Taciti
1011 3510 1043 3569 et
1063 3505 1227 3570 Plutarchi
1247 3504 1370 3568 ratione
1391 3506 1541 3568 accurate

367 3610 522 3693 congruit,
545 3612 607 3675 hoc
627 3611 742 3676 modo:

375 3713 378 3718 ’
449 3718 508 3782 tlt
538 3717 606 3782 dies
632 3718 659 3782 si
684 3737 819 3784 nurnero
842 3719 883 3783 30
903 3719 964 3799 (tot
985 3719 1069 3783 enim
1092 3719 1159 3783 dies
1180 3717 1297 3782 mensis
1314 3716 1454 3781 Iulianus
1474 3716 1540 3781 fere

367 3824 600 3907 complectitur)
614 3825 794 3903 dividimus,
814 3844 941 3889 menses
955 3825 974 3889 7
989 3828 1021 3889 et
1034 3826 1101 3888 dies
1118 3826 1152 3888 11
1167 3823 1355 3888 efficiuntur.
1379 3822 1540 3901 Quattuor

366 3932 475 3995 autern
492 3948 605 3995 eorum
620 3932 779 3995 mensium
793 3949 850 4011 per
865 3949 946 4013 quos
957 3930 1059 3995 Galba
1076 3930 1258 4012 imperavit:
1280 3930 1367 4007 lulio,
1381 3930 1538 4009 Augusto,

366 4034 679 4114 Octobri‚Decernbri
695 4036 761 4099 dies
777 4036 888 4101 triceni
902 4037 1045 4117 singuli
1064 4037 1224 4101 tribuendi
1239 4040 1324 4113 sunt,
1334 4054 1400 4099 non
1416 4034 1538 4098 triceni.

366 4141 477 4223 ltaque
498 4144 523 4204 si
543 4143 602 4206 hos
627 4144 781 4225 quattuor
802 4142 869 4207 dies
891 4129 931 4208 de
953 4143 1011 4207 illis
1031 4143 1182 4208 undecim
1203 4141 1413 4220 detrahimus,
1435 4140 1539 4205 Galba

364 4247 541 4332 secundum
573 4249 696 4330 losephi
732 4267 863 4332 quoque
900 4249 1119 4314 testimonium
1155 4249 1222 4313 dies
1257 4249 1315 4313 2⁶21
1349 4248 1537 4330 imperavitc

366 4353 451 4417 unde
467 4353 612 4434 sequitur
626 4353 796 4436 losephum
814 4375 881 4419 non
898 4376 917 4419 e
932 4354 1108 4434 lunaribus,
1129 4356 1187 4420 sed
1203 4355 1360 4421 solaribus
1375 4354 1538 4420 mensibus
