3292 5267
369 1818 526 1879 rarentur.

592 557 596 562 .
932 461 974 530 34
1432 535 1448 570 ἰ
1474 531 1525 601 ..0
1572 493 1576 498 ᾖ

448 643 548 709 Tacit.
581 635 711 709 lala:
747 641 874 708 Initium
907 641 1029 706 ferendi
1064 643 1106 708 ad
1135 640 1198 706 Ves
1258 641 1370 707 lanum
1409 642 1541 726 imperii

407 726 622 792 Alexandriae
643 728 809 810 coeptum,
840 725 1009 789 festinante
1027 723 1154 790 Tiberio
1175 724 1375 803 Aexaudro,
1396 725 1455 807 ucri
1476 726 1541 791 kal.

407 809 464 874 Iul.
484 812 686 878 sacramento
700 810 773 873 eius
788 808 928 890 legiones
949 807 1065 889 adegit

448 916 505 981 Ios,
526 917 567 982 ih,
588 916 640 993 10,
661 916 698 981 6:
731 912 962 998 Hooarmorlc
985 913 1024 977 δὲ
1041 912 1102 995 τήν
1122 912 1301 997 ἐπιστολήν
1319 912 1542 997 Ἀλέξανδρος,

408 994 480 1079 ἅμα
489 996 672 1079 προθύμως
682 996 724 1061 τά
737 1019 774 1061 τε
784 996 937 1079 τάγματα
947 997 1002 1059 καὶ
1011 995 1050 1060 cd
1061 996 1190 1080 πλῆθος
1205 993 1249 1070 εἰς
1259 994 1362 1059 odedu
1371 991 1541 1078 ciorum

393 1133 397 1140 ⁵
448 1105 480 1184 8)
505 1105 717 1170 Exercitus
737 1104 934 1170 Iudaicus
954 1102 1180 1170 a.d.V.non.
1196 1102 1542 1186 lulllespasiano

367 1192 670 1254 sacramentum
696 1187 811 1253 dicit:

449 1287 549 1360 Tacit.
580 1295 622 1359 ib.
649 1313 675 1359 o.
706 1291 762 1359 79:
792 1294 940 1377 quamvis
966 1293 1113 1361 Iudaicus
1138 1290 1290 1360 exercitus
1316 1291 1353 1356 V.
1379 1312 1459 1358 non.
1483 1293 1541 1359 Iul.

409 1377 496 1459 apud
518 1378 623 1459 ipsum
644 1377 789 1442 iurasset.
1332 1383 1334 1389 '

450 1483 497 1549 Ex
506 1483 553 1561 iio,
567 1502 651 1567 quae
662 1482 911 1567 composuimus,
928 1483 1062 1565 apparet
1072 1479 1254 1546 testimonia
1265 1478 1381 1544 horum
1395 1480 1540 1546 duorum
1586 1516 1590 1522 ·

368 1567 558 1648 scriptorum
587 1566 682 1649 plane
710 1568 805 1648 inter
820 1583 855 1629 se
884 1564 1060 1629 consentire
1083 1582 1182 1645 seque
1212 1563 1347 1627 invicem
1375 1582 1415 1626 su
1462 1564 1540 1643 lere,

369 1650 455 1713 unde
475 1649 618 1734 sequitur
637 1657 693 1725 ea,
714 1667 797 1731 quae
818 1648 861 1713 ad
883 1648 967 1712 hanc
988 1666 1056 1711 rem
1076 1646 1272 1729 pertineant,
1292 1584 1539 1712 notiorapirisse

368 1733 451 1797 inter
472 1732 631 1814 aequales,
654 1749 752 1815 quam
774 1747 859 1816 quae
880 1729 971 1795 facile
992 1732 1272 1812 corrumperentur
1293 1730 1391 1810 alque
1410 1729 1540 1795 adulte·

451 1896 533 1963 Gum
563 1915 638 1960 vero
664 1896 803 1979 spatium
834 1895 920 1978 quod
947 1894 1029 1958 inter
1050 1892 1233 1959 Carmelum
1255 1895 1286 1957 et
1307 1892 1542 1958 Alexandriam

367 1980 543 2057 intercedit,
571 1979 682 2043 iinere
723 1997 758 2042 er
778 1977 946 2041 duodecim
968 1977 1064 2042 horas
1087 1977 1121 2041 in
1143 1976 1222 2040 urbe
1243 1975 1319 2041 Port
1340 1974 1417 2040 Said
1437 1976 1543 2040 inter·

367 2063 473 2142 misso,
496 2061 621 2127 duobus
646 2065 678 2125 et
691 1998 821 2125 dimidio
835 2061 884 2124 vel
900 2059 1000 2123 tribus
1011 2059 1123 2123 diebus
1138 2058 1227 2124 facile
1243 2057 1419 2135 conficitur,
1436 2058 1541 2136 celox,

367 2151 537 2229 postquam
557 2144 653 2209 duces
674 2142 814 2211 Romani
834 2161 863 2218 a.
879 2144 909 2206 d.
922 2142 971 2208 VI.
983 2142 1049 2207 kal.
1065 2141 1120 2206 lul.
1142 2141 1271 2220 consilia
1289 2143 1540 2222 succeperunt,

369 2247 466 2294 mane
497 2248 528 2292 a.
558 2225 589 2291 d.
610 2226 647 2290 V.
674 2224 739 2292 kal.
764 2225 824 2290 lul.
862 2224 1005 2308 profecta
1036 2243 1105 2290 esse
1136 2222 1280 2307 putanda
1306 2226 1362 2286 est.
1412 2222 1539 2288 Girntra

369 2329 523 2396 apparere
551 2308 678 2374 videtur
706 2309 845 2390 legiones
876 2308 1020 2372 ludoicus
1056 2310 1126 2371 turn
1164 2306 1295 2370 demum
1330 2308 1538 2371 sacramento

368 2395 495 2474 rogatas
518 2411 600 2471 esse,
627 2410 702 2456 oum
729 2390 862 2456 nuntius
883 2389 1055 2455 Alexandri
1075 2388 1192 2454 Tiberii
1213 2388 1430 2469 (Alexandria)
1453 2386 1537 2454 Cae·
1595 2417 1599 2432 ·

366 2493 492 2543 saroam
510 2474 725 2558 pervenisset,
753 2473 786 2538 id
807 2473 867 2538 fuit
887 2492 916 2538 a.
934 2472 965 2536 d.
989 2470 1025 2536 V.
1047 2491 1123 2537 non.
1144 2471 1199 2536 lul.
1221 2490 1252 2536 a.
1274 2491 1305 2554 p.
1327 2470 1400 2536 Chr.
1419 2471 1471 2535 69.
1494 2503 1536 2515 -

624 4421 723 4472 lintburg„
742 4420 1033 4462 unirentur-auctomento
1057 4420 1089 4466 (ll.
1108 4418 1268 4458 irretirent

890 4608 1053 4819 ,m
