3292 5267
957 426 997 490 32

395 616 631 687 commemoret.
689 605 859 687 Quaeritur
887 605 994 686 igitur,
1028 624 1093 688 quo
1121 607 1265 689 tempore
1290 603 1380 671 Titus
1411 606 1563 689 reginam

396 702 556 775 dimiserit,
577 714 661 779 quae
681 696 754 776 post
775 692 911 754 mortem
920 689 1104 771 Vespasiani
1125 708 1212 753 anno
1229 689 1268 753 79
1290 690 1403 753 iterum
1416 690 1566 754 Romam
1609 729 1610 780 ,

396 786 492 849 veuit.
515 782 589 865 (Dio
600 777 687 874 Cass.
698 773 803 848 LXVI,
816 770 867 854 18)
901 771 1054 853 Equidem
1079 773 1139 835 hoc
1156 771 1276 836 factum
1294 791 1362 835 esse
1376 773 1566 853 putaverim

396 869 502 952 paullo
524 868 599 929 ante
619 863 731 924 mitam
752 873 933 931 censuram,
963 856 981 917 i.
1004 874 1031 917 e.
1054 858 1129 918 ante
1151 873 1294 918 mensem
1315 854 1461 937 Aprilem
1489 856 1567 920 armi

397 953 446 1016 73.
468 942 706 1031 (chhambalu
729 940 788 1003 ›de
810 937 1046 1016 magistratibus
1066 933 1266 1002 Flauiorum«
1289 937 1422 1001 Bonnae
1439 938 1527 1001 1881
1538 957 1565 1019 p.

399 1035 463 1116 19).
512 1031 611 1095 Nimis
641 1028 708 1090 sine
735 1023 833 1087 dubio
862 1039 883 1085 a
910 1020 1063 1100 dignitate
1092 1022 1242 1085 muneris·
1261 1021 1394 1084 eerrsorii
1417 1020 1567 1084 alienum
1609 1079 1610 1114 ,

396 1118 514 1191 fuisset,
535 1130 633 1195 quam
641 1107 750 1172 Cicero
773 1103 1025 1168 »sanctissimum
1035 1103 1328 1184 magistratum«‘et
1352 1103 1566 1184 »magistram

396 1198 526 1284 pudoris
542 1200 573 1259 et
589 1190 778 1256 modestiae<
794 1185 942 1269 appellat,
965 1186 991 1248 si
1006 1205 1117 1250 censor
1135 1186 1201 1268 ipse
1224 1186 1311 1267 (›qui
1328 1204 1431 1249 mores
1448 1185 1565 1268 populi

397 1284 508 1364 regim,
530 1276 683 1361 probrum
706 1273 737 1336 in
758 1274 872 1334 senatu
892 1289 933 1332 ne
954 1268 1141 1349 relinquito<
1165 1267 1227 1333 Cic.
1248 1269 1288 1331 de
1308 1268 1367 1349 leg.
1390 1268 1447 1346 lll,
1471 1269 1512 1344 3,
1535 1267 1565 1346 7)

397 1365 549 1449 paelicem
569 1358 729 1423 Iudaicam
752 1353 839 1418 domi
859 1351 1029 1415 habuisset.
1051 1385 1091 1395 —

482 1484 585 1550 Adn.
608 1484 641 1546 8:
667 1478 739 1557 Quo
768 1481 912 1557 tempore
937 1475 1028 1538 Titus
1055 1475 1288 1556 praefecturam
1315 1471 1468 1554 praetorii
1498 1489 1568 1534 sus·

397 1571 530 1655 ceperit,
557 1563 733 1631 accuratius
755 1560 842 1624 haud
864 1557 955 1623 facile
985 1558 1197 1639 cognoscitur.
1237 1553 1328 1629 lCurn
1347 1554 1567 1637 Vespasianus

397 1640 1216 1815 lfpflllfufdtllt”lt‘lllfttetltetltttflffi
1229 1635 1567 1784 lambrithi

400 1788 548 1888 anhonae
579 1815 680 1879 factus
711 1812 758 1873 est
784 1808 835 1887 (cf.
861 1795 1055 1871 Hirschfeld:
1086 1740 1411 1883 »Unterhhchungerh
1441 1805 1505 1865 etc.
1534 1821 1566 1881 p.

401 1906 462 1969 220
481 1896 564 1984 sqq.)
611 1894 705 1961 Arrio
726 1891 811 1955 Varo
834 1890 982 1954 successit
1013 1889 1054 1952 M.
1076 1889 1248 1953 Arrecinus
1271 1884 1435 1963 ClemenS,
1463 1885 1568 1947 frater

400 1987 507 2054 uxoris
527 1981 606 2057 Titi,
634 1978 781 2057 idemque
805 1992 870 2037 non
899 1977 968 2036 tam
989 1971 1079 2049 huic,
1111 1989 1210 2066 quam
1233 1968 1413 2033 Domitiano
1441 1967 1566 2031 amicus

399 2070 512 2154 (Tacit.
523 2065 596 2130 hist.
617 2060 667 2137 lV,
684 2060 734 2123 68.
776 2055 862 2120 Suet.
877 2054 992 2118 Domit.
1010 2056 1061 2129 113
1082 2051 1289 2117 Trredleinderv
1300 2050 1566 2129 »Darstellungen

399 2158 477 2219 etc«
500 2172 530 2233 p.
553 2144 622 2209 206.
644 2177 684 2187 —-
705 2140 743 2205 0.
764 2137 942 2203 Hirschfeld
963 2137 1004 2199 ib.
1021 2136 1074 2216 -)
1095 2134 1266 2200 Arrecinus
1278 2132 1423 2198 Clemens
1441 2135 1565 2215 postea,

400 2233 549 2302 anneta
578 2231 610 2291 et
630 2224 810 2290 Domitiano
841 2222 1037 2303 imperante,
1072 2219 1121 2283 bis
1155 2218 1321 2282 consulatu
1350 2216 1477 2279 functus
1516 2215 1567 2277 est

400 2319 455 2398 (cf.
485 2311 690 2380 Friedldnder
721 2307 762 2369 ib.
786 2305 852 2385 ,-)
885 2302 1057 2366 Verisimile
1096 2305 1143 2366 est
1178 2320 1252 2365 eum
1288 2302 1416 2381 propter
1459 2298 1567 2379 ipsam

401 2397 573 2467 Domitiani
595 2390 766 2458 amicitiam
778 2388 851 2452 Tito
870 2405 935 2449 non
950 2386 1025 2449 satis
1040 2384 1141 2448 fidum
1154 2386 1257 2447 visum
1274 2401 1351 2459 esse,
1374 2380 1429 2462 qui
1445 2397 1567 2444 munus

400 2483 482 2550 tanti
495 2477 644 2564 ponderis
659 2473 816 2547 retineret,
840 2469 882 2533 ob
897 2487 1033 2549 eamque
1055 2485 1184 2531 causam
1194 2466 1303 2529 Titum
1317 2465 1421 2545 ipsum
1435 2464 1567 2545 praeter

401 2586 494 2632 usum
517 2567 614 2644 atque
636 2554 898 2623 consuetudinem
919 2551 1018 2631 (Suet.
1030 2550 1091 2614 Tit.
1106 2551 1139 2628 6)
1160 2548 1394 2632 praefecturam
1413 2542 1564 2626 praetorii
1609 2605 1610 2642 ,

403 2648 585 2730 suscepisse.

482 2772 581 2836 Adn.
598 2769 632 2831 9:
652 2758 833 2829 Chambalu
856 2757 928 2837 (nde
949 2755 1123 2835 magistrat.
1137 2754 1337 2819 Flauiorum«
1358 2771 1390 2832 p.
1405 2751 1446 2814 29
1459 2769 1494 2813 se
1520 2747 1565 2831 q.)

401 2856 610 2922 variationem
637 2846 801 2912 titulorum
818 2842 881 2905 Titi
910 2840 952 2904 ad
979 2838 1243 2914 aemulationem,
1272 2853 1354 2917 quae
1385 2834 1468 2896 inter
1518 2851 1565 2895 es·

402 2939 568 3024 pasianum
601 2937 632 2997 et
652 2930 760 2994 Titum
789 2921 1015 2997 intercesserit,
1049 2920 1248 2986 referendam
1279 2916 1447 2981 existimat.
1507 2912 1565 2978 Cui

401 3020 576 3088 sententiae
604 3011 748 3079 assentiri
777 3027 843 3073 non
874 3024 1013 3090 possum.
1067 3004 1149 3068 Nam
1180 3002 1253 3067 inde
1278 3000 1319 3064 ab
1350 3019 1388 3062 eo
1411 3003 1566 3080 ternpore,

403 3125 467 3188 quo
494 3103 584 3165 Titus
604 3096 728 3161 ltaliam
750 3091 857 3165 rediit,
884 3089 955 3152 talis
986 3086 1173 3169 suspicionis
1203 3082 1381 3165 exemplum
1409 3100 1431 3145 a
1456 3097 1566 3143 rerum

403 3185 607 3268 scriptoribus
634 3199 700 3243 non
722 3175 822 3240 solum
844 3172 997 3236 traditum
1019 3189 1084 3233 non
1105 3174 1167 3250 est,
1195 3167 1251 3231 sed
1280 3166 1376 3229 etiamr
1403 3162 1565 3226 contraria

404 3268 584 3336 testimonia
614 3261 737 3343 saepius
764 3256 966 3329 exhibentur,
1005 3253 1102 3316 veluti
1131 3252 1217 3315 Suet.
1243 3248 1350 3312 Tit.5
1386 3266 1435 3310 ex.
1463 3248 1496 3310 et
1535 3244 1565 3308 6.

402 3353 549 3420 Philostr.
573 3349 634 3429 Ap.
656 3344 756 3427 Tyan.
779 3338 828 3416 Vl,
850 3339 906 3401 30:
927 3334 988 3416 ἐγώ
1007 3334 1045 3397 δὲ
1066 3337 1122 3416 ἔτη
1143 3359 1170 3396 κ.
1187 3354 1217 3394 τ.
1237 3331 1265 3395 t.
1307 3329 1366 3394 uro
1388 3327 1423 3394 C.
1440 3328 1491 3406 66,
1517 3326 1563 3391 16.
1609 3377 1610 3388 .

485 3449 635 3515 Ceterum
654 3462 710 3508 cur
731 3438 902 3503 remotiora
922 3453 1132 3518 quaeramus,
1160 3451 1232 3497 cum
1253 3448 1303 3494 res
1324 3427 1425 3492 multo
1447 3423 1565 3508 simpli·

404 3536 522 3599 ciorem
543 3527 784 3612 explicationem
805 3519 982 3584 admittat?
1010 3516 1094 3595 Quid
1116 3518 1249 3591 mirum,
1273 3511 1361 3593 quod
1382 3510 1413 3573 in
1437 3509 1486 3572 his
1509 3509 1563 3571 aut

404 3619 461 3682 illis
488 3612 627 3679 nummis
655 3613 687 3672 et
709 3603 922 3671 marmoribus
950 3600 1028 3664 ordo
1059 3600 1223 3663 titulorum
1250 3614 1316 3658 non
1344 3593 1444 3658 verbo
1472 3595 1564 3655 tenus

403 3701 487 3764 idern
508 3701 556 3761 est
577 3700 675 3775 atque
697 3691 729 3753 in
751 3687 835 3761 aliis,
864 3704 964 3766 quum
994 3683 1135 3746 condicio
1166 3678 1293 3744 alterius
1313 3674 1513 3757 imperatoris
1535 3675 1565 3734 et

404 3781 564 3865 participis
589 3791 732 3841 summae
753 3768 917 3853 potestatis
945 3766 1014 3847 ipsa
1040 3769 1106 3829 tam
1136 3782 1221 3828 nova
1246 3763 1278 3824 et
1298 3757 1442 3822 inaudita
1462 3755 1563 3828 fuerit

406 3869 442 3930 ut
469 3880 592 3927 errores
622 3860 653 3922 in
681 3852 864 3919 ordinandis
885 3850 984 3913 titulis
1003 3848 1095 3913 vitari
1115 3847 1167 3911 viir
1189 3843 1337 3927 possent?
1367 3840 1458 3902 Titus
1480 3838 1564 3900 enim

407 3948 520 4013 eadem
546 3944 612 4008 fere
635 3940 790 4023 potestate
818 3933 980 4015 praeditus
1009 3936 1079 3995 erat
1107 3950 1144 3994 ac
1175 3933 1283 4010 pater3
1314 3924 1421 4004 itaque
1449 3921 1562 3983 mirum

407 4050 473 4095 non
494 4027 669 4101 videbitur,
696 4021 738 4085 ab
764 4016 945 4083 hominibus
973 4014 1080 4095 paullo
1110 4007 1354 4093 imperitioribus
1384 4004 1413 4067 ei
1438 4002 1563 4066 eosdem

407 4114 558 4189 honores,
590 4108 666 4189 quin
684 4104 779 4168 etiam
795 4097 1015 4182 pontificatum
1044 4095 1219 4159 maximum
1241 4093 1273 4153 et
1290 4086 1427 4169 Augusti
1447 4102 1562 4149 nomen

406 4196 526 4261 tributa
548 4211 614 4256 esse
634 4208 672 4254 ac
692 4183 775 4267 patri
796 4181 999 4263 Vespasiano.

488 4294 580 4359 Adn.
589 4291 640 4353 10:
651 4286 801 4368 Iosephus
812 4285 844 4345 et
851 4279 988 4355 Tacitus
999 4275 1160 4359 quomodo
1168 4269 1382 4354 Vespasianus
1393 4266 1563 4348 imperator

408 4380 510 4445 factus
526 4378 575 4455 sit,
589 4374 634 4438 ita
645 4370 788 4446 tradunt,
799 4369 846 4444 ut,
859 4364 914 4429 ubi
927 4358 1122 4443 probabilem
1133 4356 1277 4422 ordinem
1290 4353 1321 4416 in
1336 4368 1442 4415 eorem
1455 4367 1562 4413 narra·
