3292 5267
945 474 987 539 30

388 653 509 802 {goollfie
526 651 776 802 ffiarifflaeamm
794 651 962 718 'liber-lade
982 671 1003 718 a
1023 650 1181 717 Romanis
1200 652 1380 736 capiuntur.
1423 652 1556 738 loseph.

388 764 431 808 1,
495 786 502 817 ‚
566 785 574 815 ‚
637 770 707 799 ,-

470 842 506 926 2)
525 843 562 908 In
591 842 713 907 ratibus
741 840 945 907 aedificandis
966 842 1131 906 Romanos
1152 841 1296 907 triduum
1317 843 1557 925 consumpsisse

388 926 551 1003 faciamus,
573 925 634 989 ie.
653 926 720 990 eius
738 925 856 990 mensis
878 924 944 988 dies
964 923 1014 1003 Vl,
1036 922 1072 1001 V,
1091 922 1142 987 IV.

469 1033 505 1110 3)
527 1031 629 1097 Pridie
650 1031 717 1095 eius
737 1031 812 1109 diei,
858 1050 900 1095 uo
921 1030 1059 1095 Romani
1080 1032 1165 1094 rates
1185 1030 1350 1096 aedificare
1371 1031 1557 1112 instituunt,

387 1114 406 1178 i.
427 1134 454 1180 e.
475 1116 525 1180 die
547 1113 594 1179 ΙΙΙ.
616 1113 683 1178 eins
704 1114 821 1178 mensis
835 1052 925 1178 ⁵hius
945 1113 978 1177 in
1003 1112 1113 1178 urbem
1130 1112 1377 1180 Tarichaearum
1398 1116 1559 1198 irrumpit

388 1196 449 1281 (ib.
476 1219 502 1263 c.
526 1199 574 1276 10,
594 1197 627 1261 ὃς
649 1198 691 1279 τῇ
710 1196 749 1259 δὲ
762 1195 956 1279 ὑστεραίᾳ).
980 1231 1021 1241 -

468 1303 501 1385 4)
521 1303 625 1369 Pridie
640 1303 705 1368 eius
719 1302 791 1380 diei,
812 1303 869 1367 ie.
886 1295 1037 1385 postridie
1049 1293 1110 1366 kal.
1125 1299 1212 1385 Sept.
1232 1302 1339 1384 copias
1349 1303 1557 1383 ludaeorum,

390 1405 473 1469 qnae
496 1389 570 1452 ante
590 1385 702 1451 urbem
723 1386 894 1450 collocatae
914 1388 1024 1462 erant,
1048 1403 1069 1449 a
1091 1384 1152 1449 Titi
1172 1385 1316 1468 equitatu
1339 1385 1465 1468 fugatos
1486 1407 1558 1452 esse

387 1470 459 1534 volo
481 1471 533 1548 (ib.
556 1489 583 1534 c.
607 1469 655 1547 10,
677 1466 728 1550 5);
750 1468 917 1533 verisimile
937 1468 1015 1531 mihi
1037 1486 1103 1532 non
1124 1468 1248 1532 videtur
1269 1467 1381 1532 eodem
1403 1469 1455 1533 die
1476 1470 1515 1551 (i.
1530 1490 1558 1534 e

386 1570 415 1615 a.
437 1552 532 1617 dIll.
560 1571 625 1618 non
647 1551 753 1635 Sept.)
773 1551 820 1615 bis
843 1568 911 1615 esse
932 1553 1121 1636 pugnatum.

468 1659 505 1737 5]
523 1658 598 1724 Sine
626 1658 724 1724 dubio
752 1658 891 1725 Romani
927 1657 991 1722 iam
1028 1655 1195 1738 postridie,
1232 1675 1332 1737 quam
1360 1654 1560 1725 'Panchaeos

387 1745 559 1819 venerunt,
586 1741 719 1806 Iudaeos
751 1740 889 1822 aggressi
916 1744 1006 1818 sunt,
1043 1739 1130 1804 unde
1164 1739 1307 1822 sequitur
1342 1743 1448 1804 castra
1480 1744 1559 1808 anie

387 1825 503 1890 urbem
514 1824 802 1906 kalSeptmunita
822 1823 935 1890 codem
948 1823 998 1886 die
1009 1820 1163 1888 aludaeis
1178 1821 1295 1886 frustra
1311 1824 1465 1903 temptata
1476 1837 1559 1890 esse.

386 1905 447 1972 Ios.
465 1908 507 1972 ib.
530 1928 557 1972 c.
583 1908 631 1985 10,
649 1907 677 1970 1.

471 2014 504 2093 6)
518 2013 676 2090 Romani,
709 2015 885 2094 antequam
913 2010 954 2075 ad
984 2008 1177 2073 Tarichaeas
1205 2011 1409 2088 accesserint,
1451 2025 1558 2077 unum

387 2095 470 2160 diem
500 2096 597 2179 quieti
625 2097 697 2179 post
716 2093 917 2159 Tiberiadern
944 2095 1134 2174 occupatam
1155 2091 1279 2156 dedisse
1307 2094 1441 2176 putandi
1462 2095 1558 2170 sunt:

386 2179 444 2243 luit
463 2179 558 2261 igitur
576 2179 655 2243 haec
677 2191 858 2260 pugnarum
883 2176 1071 2240 intermissio
1090 2174 1170 2256 prid.
1193 2175 1257 2239 kall
1277 2177 1363 2258 Sepl.
1386 2211 1427 2222 -

469 2286 504 2363 7)
525 2285 724 2350 Tiberiadem
756 2282 895 2348 Romani
930 2285 1003 2366 post
1028 2276 1163 2345 biduum
1193 2286 1361 2365 occupant.
1391 2282 1446 2364 (ib.
1467 2278 1497 2346 9.
1519 2285 1557 2347 8:

388 2367 430 2451 τῇ
456 2361 494 2430 δὲ
522 2366 696 2451 ὑστεραίᾳ,
735 2366 798 2431 soil.
836 2379 935 2448 qnam
961 2365 1003 2430 ad
1039 2364 1153 2428 urbem
1189 2366 1415 2447 pervenenml)
1448 2365 1557 2431 castra

388 2452 482 2532 igilur
501 2469 599 2534 prope
620 2452 732 2518 urbem
754 2451 930 2534 posuerunt
950 2466 978 2511 a
999 2447 1030 2511 d.
1052 2447 1101 2510 IV.
1123 2445 1184 2510 kal.
1206 2445 1292 2530 Sept„
1313 2449 1355 2513 ib.
1376 2449 1409 2525 9,
1431 2448 1458 2512 7.

465 2559 502 2636 8}
521 2558 556 2624 In
577 2557 596 2640 5
619 2551 680 2624 Vll.
704 2557 797 2639 capit.
817 2555 870 2620 [Χ.
922 2553 1072 2619 Titnma
1115 2556 1182 2620 atre
1204 2552 1397 2620 Caesaream
1410 2554 1554 2637 Philippi

387 2638 600 2706 Palaestinam
636 2640 767 2706 missum
796 2659 864 2703 esse
892 2637 1040 2718 legirnns;
1077 2574 1162 2701 idern
1187 2633 1306 2702 Caesar
1333 2637 1454 2719 Scytho
1498 2637 1556 2705 lim

388 2723 612 2804 proficiscitur,
641 2722 698 2790 ubi
719 2724 843 2804 patrem
864 2720 1000 2796 invenit,
1032 2738 1172 2802 quocum
1193 2738 1222 2783 a.
1245 2720 1276 2786 d.
1298 2715 1347 2782 IV.
1368 2719 1433 2785 kal.
1495 2724 1557 2802 pt,

388 2809 547 2888 utsupra
579 2804 884 2880 demonstravimus,
913 2802 956 2868 ad
977 2801 1179 2868 Tiberiadem
1200 2803 1354 2885 pervenit.
1394 2800 1555 2870 Caesarea

387 2888 524 2971 Philippi
559 2888 657 2969 (nunc
691 2885 846 2970 Bauiyas)
884 2885 992 2950 autem
1036 2883 1194 2952 Caesarei
1232 2884 1416 2951 Palaestina
1452 2884 1556 2963 (nunc

790 2968 801 2989 ll

656 2986 819 3070 Kaisariye
853 2986 950 3052 distat
970 2984 1097 3050 milibus
1117 3004 1270 3068 passuum
1290 3004 1335 3050 cc.
1357 2984 1512 3049 LXXXV.

429 3069 584 3134 Caesarea
604 3061 784 3136 Palaestina
845 3068 988 3152 ythopoli
1012 3067 1112 3147 (nunc
1134 3057 1261 3148 Beisanl
1294 3090 1309 3125 ›
1382 3063 1510 3132 XXXV.

428 3150 627 3234 Scythopolis
650 3147 807 3218 Sennahri
828 3152 942 3235 (prope
957 3149 1131 3228 Tiberiad.)
1298 3173 1313 3206 ›
1442 3148 1511 3214 XV.

428 3250 550 3329 Quibus
570 3250 706 3318 collectis
727 3250 906 3318 efficiuntur
926 3250 1012 3318 milia
1032 3268 1184 3331 passum
1281 3269 1327 3315 cc
1355 3248 1511 3316 CXXXV.

410 3391 412 3394 ·
468 3355 551 3421 Cum
578 3360 686 3422 autern
714 3356 881 3421 versimile
911 3364 976 3421 non
1005 3357 1046 3420 sit
1073 3355 1182 3420 Titum
1216 3355 1269 3419 illo
1302 3360 1446 3437 tempore
1474 3359 1554 3422 anni

276 3516 281 3524 ,
387 3441 460 3523 plus
476 3440 536 3505 XX
551 3441 690 3505 miliariis
713 3439 853 3522 quotidie
875 3460 941 3503 esse
963 3458 1177 3520 permensum,
1199 3438 1287 3502 haud
1308 3438 1399 3502 facile
1414 3438 1464 3503 illc
1480 3444 1555 3522 post

388 3541 418 3588 a.
440 3525 468 3588 d.
490 3523 544 3588 XI·
565 3524 627 3587 kal.
649 3522 735 3604 Sept.
777 3521 1091 3604 Caesarea-Philippi
1113 3522 1280 3585 excessisse
1304 3522 1415 3602 potest.

468 3632 488 3695 9
524 3629 734 3712 Vespasianus
755 3630 864 3712 viginti
886 3629 952 3694 dies
974 3629 1148 3696 Caesareae
1169 3627 1303 3736 Philippi
1328 3632 1472 3691 moratus
1494 3632 1553 3693 est.

391 3713 484 3796 (losi
509 3727 552 3778 .c.
564 3714 593 3791 9,
617 3711 667 3793 7);
687 3712 794 3799 itaque
814 3713 841 3776 si
862 3733 890 3777 a.
913 3713 944 3775 d.
965 3712 1015 3777 XI.
1038 3714 1104 3776 aut.
1123 3710 1234 3775 X.kal.
1252 3711 1338 3793 Sept.
1361 3709 1552 3775 Caesaream

388 3795 527 3878 reliquit,
557 3791 765 3878 {postridie
797 3798 865 3860 aut
900 3816 930 3860 a.
960 3795 989 3859 d.
1018 3794 1074 3858 ΙΙΙ.
1105 3809 1194 3857 non.
1225 3791 1321 3876 Aug.
1353 3812 1391 3857 eo
1429 3795 1552 3860 venisse

390 3879 552 3962 putandus
573 3882 628 3943 est
651 3913 689 3924 -
789 3907 790 3910 ¹

472 3985 523 4066 10)
544 3983 701 4050 Caesarea
731 3983 869 4069 Philippi
896 3981 1052 4047 Caesarea
1072 3981 1251 4046 Palaestina
1281 3982 1406 4048 dierum
1426 3981 1468 4046 lV
1502 3984 1552 4048 vel

264 4061 266 4066 ’
388 4061 416 4134 V
444 4070 561 4150 sparto,
592 4071 628 4131 ut
648 4085 746 4150 supra
766 4066 1067 4141 demonstravimus,
1090 4065 1196 4140 ahesl3
1220 4065 1434 4148 Vespasianus
1456 4066 1551 4146 igitur

388 4151 448 4218 sub
469 4170 496 4215 a.
527 4150 557 4215 d.
580 4150 630 4213 IV.
654 4149 714 4215 kal.
743 4151 830 4231 Aug.¹
854 4149 897 4214 ab
923 4149 984 4212 hac
1011 4149 1091 4212 urbe
1118 4146 1280 4231 profectus
1306 4149 1430 4212 videtur
1462 4167 1548 4223 esse3

388 4234 474 4298 unde
498 4236 631 4316 apparet
653 4249 727 4298 enm
749 4233 781 4297 ln
802 4249 860 4297 ora
879 4232 1038 4296 maritima
1059 4230 1124 4295 iere
1145 4234 1249 4295 totum
1272 4247 1412 4294 mensem
1434 4229 1549 4295 Iulium
1618 4243 1619 4282 ἐ

390 4320 549 4381 moratum
578 4331 661 4381 esse:
688 4316 834 4399 pervenit
859 4315 944 4379 enirn
963 4313 1193 4380 Ptolemaidem
1219 4309 1300 4377 ad.
1324 4311 1548 4378 IVnonlul.
1618 4377 1619 4392 ,

325 4398 806 4478 ‹calumanias-
