3292 5267
141 489 195 534 u
231 499 243 528 ..
698 422 741 489 aa

100 607 269 672 tionibus
290 623 397 669 rerum
417 601 688 679 constituerimus,
715 601 806 666 facile
829 604 984 684 appareat
1005 601 1063 665 hos
1084 600 1164 664 duos
1184 618 1292 664 rerum

104 693 299 773 scriptores
316 689 398 751 inter
412 705 446 750 se
462 684 649 749 consentire.
683 683 770 750 Ordo
791 688 899 748 autem
919 685 963 747 ita
979 687 1027 747 est
1041 683 1295 748 constituendus:

216 795 246 876 1)
268 793 525 874 Vespasianus
540 789 752 855 Caesareae
775 792 909 856 nuntio
932 791 1295 874 acceptovitellium

105 880 435 1022 imperatqczrem
468 873 624 938 factum
655 892 742 937 esse
770 877 1002 954 exspectat,
1043 875 1140 955 quid
1172 893 1295 938 even·

107 966 263 1027 turum
289 980 323 1023 ει
351 980 359 1022 :

212 1067 271 1131 Ios,
298 1065 347 1142 IV,
380 1064 433 1141 10,
452 1064 485 1124 2:
516 1058 767 1135 Ουἐσπασιανὸς
796 1061 834 1124 δὲ
856 1099 893 1106 -
915 1060 1026 1125 οἱκούει
1045 1064 1103 1136 τοές
1125 1063 1210 1124 τατοὲ
1231 1062 1290 1145 τήν

162 1149 287 1232 Ῥώμην
315 1146 460 1227 ταραχοὲς
489 1144 543 1205 καὶ
567 1142 750 1208 Οὐιτέλλιον
775 1144 1000 1227 αὐτοκράτορα
1021 1171 1048 1208 κ.
1070 1168 1097 1209 τ.
1119 1146 1146 1208 λ.
1190 1145 1289 1209 Tacit.

166 1236 242 1299 hist.
264 1230 307 1306 ΙΙ,
321 1231 385 1310 774:
417 1228 460 1292 At
479 1227 692 1310 Vespasianus
725 1227 843 1292 bellum
874 1247 1029 1311 armaque
1058 1233 1089 1292 et
1109 1228 1219 1309 procul
1241 1227 1290 1292 vel

167 1319 259 1380 iuxta
275 1314 355 1377 vires
374 1309 670 1391 circumspectabat.

213 1423 245 1498 2)
268 1418 472 1491 Militibus
496 1416 792 1494 horstantibus‚
815 1420 857 1480 ut
880 1416 1093 1498 imperium
1116 1417 1295 1498 accipiat

114 1526 169 1571 se
193 1506 250 1569 ita
273 1505 474 1568 iacturum
497 1499 710 1581 promittit:

208 1607 418 1684 los.ib.10‚3:
442 1604 606 1678 συνιόντες
628 1604 665 1667 δὲ
687 1602 725 1667 οἵ
742 1627 779 1666 τε
800 1602 954 1687 ἡγεμόνες
972 1606 1025 1667 καὶ
1048 1604 1079 1667 οἱ
1093 1608 1288 1685 στρατιῶται

167 1693 248 1758 καθ’
269 1689 428 1772 ἑταιρίαν,
457 1694 603 1771 φανερῶς
629 1685 692 1773 ἤδη
719 1689 902 1771 μεταβολήν
930 1689 1138 1771 ἐβουλεύοντο
1160 1715 1187 1751 κ.
1210 1713 1236 1751 τ.
1258 1689 1285 1751 λ.

168 1781 210 1843 ib.
236 1776 288 1852 10,
316 1776 350 1838 4ε
379 1774 432 1836 καὶ
463 1770 769 1856 παρακροτήσαντες
799 1769 948 1853 α’λλήλοις
976 1770 1206 1854 ἀναγορεύουσι
1228 1771 1286 1836 τόν

170 1856 427 1925 Οὐεσπασιανὸν
455 1854 678 1937 αὐτοκράτορα
707 1879 734 1915 κ.
757 1875 785 1917 τ.
808 1854 835 1916 λ.
863 1890 902 1900 -
931 1856 1134 1933 τελευταίου,
1169 1856 1210 1928 τίς
1235 1854 1291 1918 οὐκ

169 1944 317 2017 ἔπειθεν,
341 1938 418 1999 εἴκει
437 1943 503 2011 τοῖς
523 1936 738 2014 ὀνομάσασιν.
762 1971 799 1981 -

212 2048 356 2128 3tTum
377 2045 530 2107 demum
554 2046 592 2108 in
613 2041 1028 2122 montemCarmelum,
1051 2047 1117 2126 qui
1140 2046 1178 2108 in
1202 2064 1291 2109 con·

121 2131 234 2195 finio
255 2127 526 2193 Palaestinae
556 2131 591 2191 et
614 2128 756 2210 Syriae
779 2127 875 2189 situs
899 2131 994 2202 crat,
1025 2128 1293 2209 proficiscitur,

120 2230 332 2279 unacum
359 2208 544 2273 Muciano
574 2209 747 2273 consilia
783 2212 995 2290 capturus3
1045 2210 1107 2274 hic
1136 2230 1294 2293 quoque

123 2300 167 2361 et
198 2295 325 2440 dites
352 2292 518 2358 militum
539 2292 793 2374 Syriacorum
822 2291 1103 2356 adhortantur
1132 2313 1213 2356 eum
1243 2294 1293 2357 ad

122 2397 233 2460 agen
266 2395 339 2439 um:

210 2482 308 2546 Tacit.
332 2482 400 2544 hist.
422 2480 464 2557 ΙΙ,
491 2481 549 2544 76:
582 2480 629 2543 his
660 2480 831 2561 pavoribus
859 2484 1026 2545 nutantem
1058 2485 1088 2545 et
1118 2482 1169 2546 alii
1195 2481 1288 2561 legati

168 2565 325 2646 amicique
358 2564 543 2639 firmabant,
579 2567 610 2625 et
635 2562 799 2626 Mucianus
832 2569 903 2644 post
935 2564 1051 2627 multos
1082 2569 1283 2647 secretosque

169 2667 347 2723 semmam,
379 2647 443 2709 iam
473 2650 504 2708 et
525 2664 634 2708 coram
655 2646 700 2707 ita
721 2645 844 2709 locutus
866 2651 912 2709 est
948 2681 977 2690 -
1000 2648 1039 2708 ib.
1074 2647 1126 2710 78:
1155 2651 1260 2710 est..
1287 2696 1293 2710 .

170 2729 335 2795 Carmelus
366 2733 423 2792 etc.
447 2727 569 2810 loseph.
592 2728 641 2804 IV,
668 2727 722 2804 10,
749 2731 786 2791 5:
818 2736 1093 2809 προτρεπομένων
1121 2729 1159 2790 δὲ
1192 2727 1293 2790 αὐτὸν

169 2808 232 2895 ἤδη
253 2811 449 2873 Μουκιανοῦ
467 2831 503 2871 τε
524 2810 576 2872 καὶ
599 2814 664 2872 τῶν
683 2806 790 2874 ἄλλων
811 2810 979 2893 ἡγεμόνων
993 2810 1037 2883 εἰς
1056 2812 1292 2894 αὐτοκράτορα,

168 2895 223 2957 καὶ
244 2896 299 2976 τῆς
320 2889 418 2975 ἄλλης
439 2896 594 2975 στρατιοῖς
616 2918 643 2957 κ.
665 2916 692 2955 τ.
714 2893 742 2956 λ.
767 2929 805 2937 -

134 3043 138 3048 -
211 2999 1294 3082 cllVespasianusaccipereiamimperiumcunstituit

126 3084 196 3148 sed
218 3087 336 3147 antea
357 3082 949 3147 auxiliumTiberiiAlexandri
971 3084 1174 3166 explorare
1195 3083 1291 3150 vult:

210 3188 308 3252 Tacit.
333 3188 368 3263 ΙΙ,
389 3188 446 3252 79:
468 3188 563 3252 Haud
583 3189 681 3254 dubia
703 3189 917 3253 destinatione
938 3190 1113 3254 discessere.

168 3271 290 3376 Ioseph.
322 3270 378 3348 lv,
411 3270 462 3373 10,
495 3272 532 3335 5:
574 3271 671 3345 αὐτὸς
706 3275 834 3354 πρῶτον
865 3276 930 3333 τῶν
964 3272 1024 3334 ἀπ’
1053 3272 1288 3356 Ἀλεξανδρείας

169 3376 275 3434 ειχετο
291 3374 506 3433 πραγματων.
718 3433 722 3441 ’

210 3461 243 3531 bl
264 3459 556 3540 Vespasianus
599 3457 768 3525 Tiberio
799 3460 1029 3526 Alexandro
1073 3461 1120 3525 de
1164 3481 1206 3526 ea
1249 3482 1291 3530 re

129 3543 254 3609 citum
275 3544 465 3606 nuntium
488 3542 645 3607 mittit:
922 3570 928 3578 ·

208 3648 265 3713 Ios.
289 3646 339 3726 IV,
369 3648 424 3725 10,
453 3647 489 3710 6:
515 3648 698 3711 ἐπιστέλλει
726 3639 813 3712 δὀὖν
841 3648 943 3722 εὐθύς
971 3653 1017 3729 τῷ
1051 3649 1197 3712 διέποντι
1226 3648 1286 3734 τὴν

168 3730 332 3812 Αἴγυπτον
351 3731 405 3792 καὶ
426 3730 485 3815 τήν
506 3729 746 3811 Ἀλεξάνδρειαν
771 3736 908 3815 Τιβερίῳ
926 3730 1133 3812 Ἀλεξάνδρῳ.

210 3836 242 3920 6)
264 3836 468 3903 Mucianus
514 3838 780 3903 Antiochiam
833 3840 963 3918 redit,
1014 3838 1292 3920 Vespasianus

128 3919 379 3986 Caesaream
408 3920 718 4004 proficiscitur:

170 4027 283 4174 CTac.
292 4027 362 4104 hist.
372 4027 407 4105 ΙΙ,
419 4028 459 4093 79
469 4048 477 4091 :
487 4028 670 4092 discessere:
685 4025 850 4094 Mucianus
857 4027 1288 4109 Antiochiam,Vespasianus

197 4128 370 4175 aesaream.

214 4216 246 4296 7)
276 4215 468 4280 Tiberius
519 4216 756 4281 Alexander
806 4216 1006 4296 legiones
1055 4215 1093 4278 in
1146 4235 1293 4283 nomen

130 4297 381 4379 Vespasiani
408 4299 549 4363 statim
574 4299 649 4364 kal.
682 4298 749 4363 lul.
783 4298 923 4364 iurare
951 4297 1092 4361 iubet:
