3292 5267
678 459 845 532 15-

139 670 146 678 ·
181 637 333 722 iosephus
367 646 531 719 nusquam
552 634 667 715 nra„
688 636 745 704 ubi
778 636 825 720 de3
859 637 1171 720 -suisepopnlaribus
1204 638 1281 710 sedis

87 745 255 831 loquitur,
277 745 363 810 diem
378 744 612 821 cenomanni,
629 762 677 812 ne
697 746 769 816 tum
785 742 929 826 quidem,
940 744 1000 812 ubi
1017 744 1059 812 de
1071 744 1283 827 rebuspestis¹

89 854 184 935 agit„
206 862 291 936 quoe
310 850 442 916 maximi
462 850 615 918 moranti
637 849 817 931 dignaeque
835 850 917 928 sint,
942 869 1033 933 quae,
1049 850 1143 918 certis
1165 852 1284 924 diebus.

89 959 255 1041 appositis
286 962 436 1024 accurate
467 956 804 1022 circumscribantur..
837 956 1104 1040 Quotiesounque
1123 958 1277 1040 Iosephus

90 1068 227 1130 eertum
248 1061 409 1147 quendam
429 1061 524 1130 diem
534 1065 796 1141 aommemorat,
803 1062 884 1126 de
865 1079 901 1130 us
922 1062 987 1128 iere
1008 1064 1104 1152 rebus
1125 1064 1275 1146 loquitur,

91 1189 188 1253 quae
208 1170 250 1234 ad
271 1170 436 1235 Romanos
451 1168 628 1249 pertinent.
739 1207 742 1212 ·
810 1211 812 1220 ,

184 1275 283 1354 Quo'
276 1295 308 1339 m
331 1289 449 1356 genere
470 1275 533 1342 hoc
549 1291 679 1356 quoque
699 1274 1021 1347 animadvertendum
1037 1217 1085 1338 est
1102 1227 1280 1356 Iosephum:

93 1393 308 1465 nequaquam
332 1400 413 1445 eom
427 1380 584 1446 rationem
606 1379 782 1457 instituere,
804 1384 841 1446 ut
863 1380 1052 1461 marusima
1070 1381 1273 1472 potissimum

92 1489 195 1566 faeta
219 1488 360 1570 quibus
347 1486 523 1568 *imperium
537 1485 722 1558 Romanum
738 1489 770 1549 et
784 1489 841 1554 nat
841 1487 872 1552 io
881 1486 1270 1578 Iudaeorumillustretur,

95 1598 189 1661 certa
226 1594 350 1658 dierum
385 1595 463 1656 nota
501 1592 647 1674 apposita
687 1590 833 1670 definiat,
883 1595 995 1656 eontra
1038 1612 1097 1675 per
1133 1593 1273 1675 integros

94 1701 318 1770 hebdomades
356 1719 407 1762 res
443 1699 624 1764 levissimas-
651 1699 830 1770 sectandum
855 1699 1088 1770 'kalendarium
1122 1704 1272 1774 onomate

95 1809 274 1889 descriptas
298 1808 483 1887 exponeres
522 1804 615 1876 Veiut
631 1805 718 1883 iter,
749 1806 842 1887 quod,
859 1805 951 1883 Titus
979 1826 1034 1869 ex.
1050 1804 1200 1888 Aegypto
1236 1807 1269 1871 in

94 1914 321 1979 Palaestinam
338 1912 426 1988 feeit,
458 1914 608 1982 accurato
635 1929 694 1992 per
714 1911 918 1989 uaesana,
946 1931 1022 1980 eum
1053 1912 1138 1978 idem
1165 1931 1280 1995 neque.

94 2021 329 2085 commemoret
351 2035 416 2099 quo
442 2020 586 2097 tempore
605 2016 707 2094 Nero,
730 2016 848 2096 Galba,
878 2016 963 2081 Otho
1003 2017 1159 2082 interfecti
1196 2019 1276 2097 sint,v

92 2145 204 2209 neque
234 2144 299 2206 quo
328 2124 385 2187 die·
400 2123 568 2204 imperium
589 2124 803 2205 susceperint,
837 2143 942 2206 neque
963 2123 1176 2205 Vespasianus
1202 2145 1268 2207 quo
1298 2121 1301 2126 ’

93 2237 244 2315 tempore
272 2232 445 2312 imperator
476 2229 541 2293 fei'ct
529 2233 580 2294 tus
609 2248 714 2311 quove
738 2230 776 2293 in
796 2229 987 2312 Aegyptum
1006 2229 1097 2293 eut
1089 2234 1170 2293 int
1143 2230 1266 2295 ltaliam

93 2339 259 2423 profectus
286 2338 342 2414 sit,
376 2335 516 2417 quodie
535 2335 852 2402 cumTitoRoritae
872 2336 1208 2474 triumphumegorit,
1237 2342 1270 2402 et

94 2465 184 2529 quae
207 2445 281 2508 sunt
303 2443 335 2506 id
354 2461 454 2523 genus
471 2442 543 2506 aha.
722 2449 727 2457 “
1073 2473 1077 2488 r

180 2549 348 2632 Iosephus,
377 2552 416 2612 ut
441 2549 550 2630 pau'eis
578 2549 704 2623 dicam
737 2547 793 2611 iis
797 2550 934 2612 tantum
961 2548 1054 2614 locis
1069 2553 1173 2614 certos
1202 2550 1268 2615 dies

94 2660 206 2735 notat,
232 2656 348 2738 quibus
379 2656 420 2720 de
449 2655 591 2717 eudrcitu
613 2654 768 2718 Romano
793 2662 833 2719 dc
861 2655 902 2718 de
928 2654 1008 2718 eius
1015 2655 1268 2736 expeditionibus

95 2764 279 2840 itineribus,
311 2762 477 2843 operibus,
505 2777 655 2842 oppugna
656 2760 918 2843 tionibusioquit
919 2781 966 2826 ur.
1016 2760 1269 2827 .Consideremus

94 2869 235 2951 exempli
261 2861 371 2950 gratia.
395 2867 512 2931 librum
542 2870 714 2950 quartum,
752 2868 808 2950 q'ui
839 2868 914 2931 inde
939 2887 968 2931 a.
998 2887 1073 2949 cap:
1094 2869 1267 2933 stannum

93 2975 211 3059 pChr.
221 2976 261 3039 69
283 2976 440 3053 eontinet,
456 2975 526 3057 apio
547 2978 641 3039 tanta
656 2976 912 3056 tamquegravia
927 2975 1012 3039 iacta
1029 2976 1266 3056 gestascImus:

93 3103 155 3166 per
183 3101 280 3164 quem
310 3080 524 3145 annoni'ieie
553 3082 744 3160 integruma
763 3081 918 3162 quoniam
951 3082 1103 3161 legionos
1119 3082 1267 3147 iadorae

94 3190 200 3254 otium
232 3187 413 3266 habebant,
442 3187 593 3269 Iosephus
622 3190 775 3269 quattuor
803 3189 910 3251 modo
930 3188 1014 3253 loeis-
1035 3190 1119 3256 iuter
1139 3201 1266 3254 morem

92 3296 202 3377 capita
233 3293 377 3374 longioia
404 3293 471 3356 dies
487 3295 599 3357 {certos
621 3295 756 3372 motois
774 3307 913 3376 quorum
941 3295 1006 3359 duo
1034 3297 1194 3377 pertinent
1224 3297 1267 3359 ad

94 3402 210 3467 itinera
229 3401 383 3465 exercitus
399 3397 516 3464 iudai'd
540 3400 616 3463 satis
629 3400 727 3479 teria,
746 3405 831 3464 unus
853 3401 895 3465 ad
917 3402 1023 3466 civiles
1046 3402 1266 3481 dissensiones,

93 3527 180 3592 quae
207 3506 435 3589 Hierosolymis
466 3511 556 3570 ortae
584 3511 693 3585 erant,
731 3511 866 3590 quartus
902 3509 944 3573 ad
978 3513 1115 3573 mortem
1143 3509 1266 3574 Vitellii.

95 3615 237 3679 ledea
285 3613 389 3695 capite
433 3614 526 3676 tenio
571 3627 675 3694 usquo
721 3614 778 3678 ad
802 3617 916 3696 eapts.
931 3653 932 3656 =
949 3616 986 3692 ,9,
1028 3613 1109 3696 §aa
1144 3620 1267 3680 ,amtor

96 3719 293 3785 beila‘biviiia
306 3713 543 3805 accuratissime
556 3719 707 3783 describit
719 3715 803 3802 quae
816 3720 858 3784 ad
872 3718 1048 3785 sedandam
1062 3722 1266 3806 rebellionem

95 3811 292 3910 permultum
322 3826 508 3904 valuerunt,
535 3815 591 3890 sed
613 3827 651 3892 in
680 3819 742 3891 hae
771 3823 842 3912 'tota
869 3823 1053 3916 narratione
1079 3841 1189 3893 rerum
1225 3821 1275 3894 ne'

93 3932 337 4014 unumquidem
354 3933 438 3997 diem
456 3933 646 3999 nominatim
665 3918 906 4012 commemorat,
926 3936 985 4012 nisi
999 3935 1276 4019 quodSimonem,

94 4040 189 4105 tertio
215 4058 316 4103 'anno
354 4039 435 4103 beili
464 4044 497 4104 et
532 4060 642 4105 mense
684 4040 813 4123 quidem
846 4041 1007 4106 Xanthico
1037 4041 1265 4125 Hierosolymis

96 4139 239 4229 potitum
256 4163 323 4209 esse
340 4146 447 4212 tradit.
469 4154 471 4162 ’
497 4147 605 4231 Atque
618 4216 621 4220 ,
635 4149 708 4211 e'am
735 4149 893 4213 rationem
922 4150 955 4211 in
975 4147 1161 4228 definiendis
1183 4151 1265 4214 terri·

95 4252 228 4335 poribus
249 4251 315 4316 iere
333 4256 517 4318 constanter
538 4249 690 4322 adhibere
710 4241 809 4333 solet,
830 4260 867 4321 ut
888 4257 922 4318 in
942 4256 1135 4337 gravissimis
1155 4256 1264 4339 populi

93 4359 143 4423 sui
179 4358 275 4423 rebus
309 4359 405 4441 gestis
446 4362 633 4432 enarrandis
647 4366 797 4444 „praeter
833 4364 971 4428 incertos
1009 4362 1264 4446 significationes,
