3292 5267
943 461 982 532 lt

373 634 460 711 velut
488 643 591 708 »aare
612 644 729 707 τοῦτον
750 645 809 708 τὸν
828 644 964 729 χρόνους
987 644 1037 711 vel
1060 644 1115 708 »ἐν
1136 641 1272 719 ταύταις
1292 648 1364 719 ταῖς
1384 643 1539 729 ἡμέραις(

371 754 539 818 accuratas
563 755 746 835 temporum
772 754 867 818 notas
888 752 992 818 nullas
1013 749 1191 830 adscribat,
1221 750 1337 835 quibus
1360 771 1421 818 nos
1448 752 1547 836 quasi

371 856 506 923 obmere
520 857 631 936 soleat,
642 857 696 923 ubi
709 857 750 923 de
762 857 1015 940 expeditionibus
1028 858 1184 925 exercitus
1190 858 1333 924 Romani
1340 858 1490 943 loquitur.
1506 894 1542 906 -·

455 963 547 1042 Quae
565 982 639 1030 curn
662 963 708 1030 its
729 965 792 1028 sint
813 983 864 1029 res
882 965 1030 1029 coniecta
1051 963 1194 1029 videtur:
1216 963 1387 1047 losephum
1408 964 1480 1031 dieo
1500 965 1547 1031 ad
1638 983 1639 1012 l

372 1070 469 1135 libros
497 1088 572 1135 suos
600 1069 809 1153 perficiendos
834 1070 920 1136 iussu
942 1069 1142 1154 imperatoris
1161 1069 1303 1135 Romani
1325 1071 1549 1154 ephemerides

377 1180 410 1242 et
438 1179 513 1242 acta
540 1175 656 1241 diuma
684 1179 861 1241 castrorum
890 1177 1044 1242 exercitus
1064 1175 1181 1241 Iudaici
1200 1176 1372 1258 inspexisse
1398 1181 1430 1242 et
1456 1196 1550 1242 com·

373 1282 504 1365 pilasse3
536 1282 624 1367 quod
645 1282 677 1345 ni
699 1284 744 1348 its
766 1285 860 1361 essct,
878 1282 931 1347 illa
951 1284 1043 1360 ratio,
1067 1283 1099 1347 in
1120 1301 1184 1364 qua
1201 1282 1354 1365 Iosephus
1374 1283 1408 1348 in
1427 1283 1548 1350 descri-

373 1388 487 1454 bendis
513 1388 709 1471 temporibus
735 1392 897 1468 versatur,
926 1407 1056 1471 prorsus
1084 1387 1221 1453 obscura
1241 1392 1332 1453 esset.
1383 1389 1440 1455 His
1464 1410 1548 1456 vero
1638 1395 1639 1400 ’

373 1495 544 1578 exploratis
572 1514 668 1562 nemo
700 1495 814 1578 opinor
836 1497 972 1579 posthac
993 1514 1117 1560 menses
1137 1494 1260 1576 Iosephi
1280 1494 1456 1562 Hebraieos
1476 1515 1550 1563 eme
1638 1483 1639 1494 ¹

376 1599 595 1683 cunensem).
620 1637 659 1647 -·

455 1706 1548 1792 PostremonorninarnensiumSymmacedonlcorumetlulianorum,

375 1815 431 1898 qui
450 1831 525 1881 oum
543 1814 579 1881 iis
598 1819 791 1898 congruunt,
809 1818 976 1898 praeterea
997 1818 1106 1879 autem
1130 1812 1380 1893 Hebraicorum,
1402 1817 1458 1898 qui
1480 1817 1549 1881 tere
1638 1887 1639 1892 ἵ

373 1921 488 1987 eadam
521 1922 673 2005 temporis
706 1921 809 2005 spatia
838 1920 1150 2003 complectebantur,
1186 1922 1248 1987 sub
1272 1939 1339 1986 uno
1372 1924 1549 2005 conspectu

375 2046 495 2111 ponere
513 2026 605 2093 libet:

468 2149 576 2187 menses
592 2132 733 2204 Syromac.

495 2226 687 2301 Αὐδυναῐος.

1214 2133 1298 2189 Hebr.

1135 2226 1270 2293 Tebcth.

1135 2333 1285 2399 Schebnt.

865 2135 945 2191 Rom.
963 2135 1018 2190 Iul.

841 2230 1017 2296 lantredus.

496 2337 654 2416 Περίτιος.
841 2336 1042 2401 Februarius

496 2437 652 2524 Δύστρος.

497 2546 672 2620 Ξανθικός.

496 2652 698 2736 Ἀρτεμίσιος.

496 2758 638 2834 Autome.

496 2864 659 2949 Πάνεμος.

495 2975 602 3047 Auos.

498 3082 684 3162 Populator.

495 3184 770 3267 ‘Ynep'sseperai'oc

497 3294 584 3364 Δῖος.

497 3396 690 3470 Ἀπελλαῖος.

381 3539 572 3556 *tu-*01⁹⁶*

839 2441 982 2507 Martius.

840 2547 967 2630 Aprilis

841 2654 952 2720 Maius.

841 2761 960 2825 lunius.

840 2865 947 2933 Iulius.

810 3018 811 3021 ,
841 2973 1018 3054 Angustus

841 3078 1040 3162 September.

842 3183 991 3250 October.

841 3288 1033 3355 November.

841 3395 1025 3461 December.

1136 3286 1399 3354 Marcheschvan.

1137 3394 1251 3460 Kislev.

407 3689 411 3696 ,
442 3622 469 3689 ⁴)
487 3621 597 3688 Reae,
618 3624 652 3678 ut
667 3633 753 3679 unum
771 3639 996 3690 commemorem:
1014 3622 1146 3693 Iosephus
1164 3622 1196 3689 (l.
1214 3621 1248 3687 V,
1267 3623 1293 3685 t,
1313 3621 1342 3689 1)
1361 3618 1432 3675 dicit
1450 3617 1546 3673 Titum

374 3707 466 3763 castra
500 3709 566 3763 ante
598 3705 791 3779 Hierosolyma
821 3708 943 3779 posuisse
978 3708 1251 3781 »τεσσαρεσκαιδεκάτῃ
1283 3704 1412 3758 Ξανθικοῦ
1441 3705 1546 3773 μηνός(
1638 3775 1639 3778 ¹

374 3790 464 3858 Quem
485 3790 508 3850 si
523 3790 679 3848 xanthicus
697 3793 757 3862 pari
775 3792 884 3848 dierum
902 3807 1016 3846 numero
1033 3793 1193 3848 decurreret
1211 3808 1273 3845 cum
1292 3787 1431 3846 Hebraico
1451 3804 1548 3843 mense

374 3871 474 3939 Nicen,
503 3872 562 3929 dies
587 3876 627 3931 14.
645 3875 801 3931 Xanthicus
833 3879 906 3932 esset
932 3874 991 3931 dies
1017 3876 1175 3942 Paschstis;
1210 3876 1285 3945 quod
1310 3874 1336 3929 si
1367 3874 1410 3930 ite
1440 3872 1548 3937 luisset,

373 3958 514 4027 expectas,
535 3956 566 4013 ni
582 3958 679 4024 lullor,
697 3959 843 4029 Iosepbum
859 3958 889 4013 in
907 3958 1000 4029 capite
1019 3962 1139 4016 secundo
1157 3962 1209 4015 snt
1226 3959 1312 4015 tertio
1329 3957 1453 4015 eiusdem
1470 3956 1548 4024 libri,

373 4039 422 4096 ubi
440 4042 537 4096 narrat
553 4043 693 4110 quomedo
710 4042 837 4097 Romani.
875 4042 1067 4114 Hierosolyma
1082 4043 1383 4115 appropinquaverint,
1411 4041 1547 4113 expressis

374 4124 465 4180 verbis
480 4126 618 4181 allirmsre
630 4125 870 4197 oppugnationem
882 4126 960 4201 urbis
972 4127 1087 4184 Doridis
1096 4129 1157 4201 ipso
1167 4129 1212 4184 die
1221 4125 1394 4183 sanctissimo
1405 4126 1548 4181 Psechatis

375 4206 504 4277 coepisse.
527 4209 624 4279 Neque
632 4214 729 4266 tamen
737 4213 891 4282 quidquam
901 4210 1035 4266 eiusmodi
1047 4216 1292 4277 commemoratum
1309 4227 1407 4280 nempe
1414 4209 1548 4279 Iosephus

377 4307 433 4345 non
451 4307 573 4348 mensem
590 4294 735 4349 Iudaicum
747 4295 844 4361 Nicen,
859 4294 908 4351 sed
924 4293 1200 4364 syromacedonieum
1211 4293 1383 4352 Xanthieum
1397 4291 1546 4362 intellegit,

377 4375 426 4446 qui
442 4375 505 4446 pari
521 4381 637 4435 numero
655 4378 762 4435 dierum
778 4397 843 4436 eum
860 4376 952 4449 Aprili
969 4377 1037 4436 anni
1054 4377 1158 4437 Iuliani
1174 4381 1344 4438 decurrebat
