3292 5267
671 467 717 540 132

95 651 232 732 tempus
247 647 333 714 ritae
353 644 553 731 imperatoris
564 643 684 714 Galbae
701 645 948 728 computavrssa
970 645 1059 728 quod
1073 644 1106 710 ni
1119 645 1164 712 ita
1180 646 1272 740 osset,

95 755 171 821 fieri
199 773 265 820 non
293 757 417 837 posset,
449 753 527 835 quin
547 769 701 816 numerus
722 749 865 831 dierum,
895 768 976 834 quos
997 755 1122 833 praeter
1145 772 1272 819 menses

95 865 223 945 septem
240 862 482 937 commemorat,
504 858 706 935 maioresset,
729 875 829 939 quarn
849 857 877 935 7,
899 875 1002 939 quum
1016 854 1133 926 mensis
1151 858 1272 926 lunaris

96 968 167 1033 iere
193 986 259 1032 non
288 967 344 1044 30,
375 965 432 1030 sed
456 965 501 1028 19
532 963 597 1027 dies
628 962 868 1046 complectatur.
906 997 944 1007 -
983 961 1103 1028 Deinde
1139 964 1272 1032 testibus

97 1074 257 1142 Suetonio
279 1072 366 1153 (Oth.
389 1091 415 1137 c.
441 1072 492 1152 11)
514 1073 546 1135 et
565 1069 718 1151 Eutropio
738 1068 816 1151 (VII,
839 1069 892 1148 17)
908 1067 996 1135 Otho
1015 1070 1185 1153 imperarit
1205 1074 1271 1140 dies

96 1180 159 1256 95;
180 1178 357 1260 'theophilo
379 1175 438 1260 (ad
452 1174 622 1253 Autollil,
643 1172 697 1256 17)
718 1177 751 1239 et
773 1172 964 1239 Gassiodoro
986 1174 1142 1257 (thamari
1157 1179 1269 1245 anecd.

96 1285 202 1352 Paris.
223 1284 267 1363 Π,
288 1304 319 1367 p.
342 1284 396 1363 td)
419 1302 545 1347 menses
564 1281 585 1346 3
607 1284 640 1345 et
660 1280 727 1346 dies
746 1283 784 1359 5,
814 1281 949 1364 losepho
975 1286 1084 1348 autem
1106 1302 1230 1349 menses
1250 1286 1270 1350 3

98 1395 135 1457 et
156 1391 223 1457 dies
245 1392 274 1455 1.
298 1390 351 1468 ub.
366 1389 416 1468 IV,
438 1390 468 1467 9,
489 1388 532 1469 9.)
566 1386 638 1452 Hoc
658 1406 787 1470 quoque
808 1387 888 1466 loco,
908 1388 935 1451 si
955 1387 1126 1471 losephum
1147 1392 1270 1457 ratione

97 1500 207 1566 lunari
219 1499 267 1565 uti
281 1515 491 1575 sumeremus,
513 1496 540 1560 si
556 1514 623 1560 non
635 1495 799 1574 maiorem,
821 1498 957 1562 atcerte
972 1514 1083 1577 parem
1097 1516 1269 1564 numerum

98 1606 228 1672 dierum
248 1607 521 1686 exspectaremus,
554 1620 655 1684 quarn
684 1620 782 1684 quern
809 1601 921 1684 reliqui
948 1601 1116 1684 scriptores
1143 1608 1271 1687 praeter

100 1732 230 1779 menses
266 1712 334 1777 illos
360 1714 425 1774 tres
453 1710 723 1786 commemorant,
759 1707 856 1772 etlam
891 1708 918 1770 si
944 1708 1096 1790 Iosephus
1128 1711 1269 1793 primum

98 1818 227 1902 imperii
255 1816 391 1883 Othonis
421 1815 505 1880 diem
536 1815 570 1879 in
598 1814 756 1886 rationem
784 1833 850 1878 non
879 1814 1171 1896 comprehendisset
1191 1817 1269 1897 (vid.

97 1924 201 1994 Tacit.
221 1924 292 1989 hist.
314 1923 337 2001 l,
356 1922 414 1986 tr:
442 1925 573 1986 »exacto
593 1939 649 2002 per
669 1918 791 1985 scelera
811 1919 863 1984 die
881 1919 1089 1986 novissimum
1110 1922 1269 1990 malorum

99 2034 163 2099 fuit
191 2031 338 2096 laetitiae.
384 2028 486 2093 Vocat
517 2030 666 2092 senatum
700 2030 829 2110 praetor
862 2026 1006 2091 urbanus
1028 2061 1067 2073 -
1090 2029 1271 2097 decernitur

100 2139 225 2206 Othoni
245 2137 415 2201 tribunicia
435 2137 576 2219 potestas
596 2132 719 2217 seqq.‹)
739 2166 778 2178 -

185 2245 356 2310 Praeterea
368 2241 524 2307 Vitellium
545 2239 698 2322 Iosephus
719 2257 847 2304 menses
867 2241 888 2303 8
909 2244 942 2304 et
963 2240 1029 2305 dies
1050 2243 1070 2305 5
1095 2240 1268 2326 imperasse

100 2351 249 2428 tradidit,
270 2348 324 2431 (ib.
347 2347 398 2426 IV,
420 2349 468 2426 11,
489 2347 526 2426 4)
548 2345 711 2412 Othonem
733 2364 859 2411 menses
882 2345 902 2410 3
924 2350 956 2410 et
975 2346 1042 2411 dles
1062 2349 1097 2424 2;
1129 2368 1213 2432 quae
1241 2350 1268 2414 si
1346 2361 1348 2364 ’

98 2460 343 2540 computamus,
372 2474 497 2519 menses
520 2455 555 2519 11
579 2457 612 2518 et
633 2453 699 2518 dies
719 2453 740 2517 h
763 2452 960 2531 efficiuntur,
990 2474 1049 2536 per
1077 2474 1159 2537 quos
1180 2454 1268 2521 Otho

99 2569 137 2631 et
157 2562 299 2629 Vitellius
320 2560 568 2645 imperaverunt.

184 2668 287 2735 Galba
308 2672 418 2734 autem
439 2667 557 2732 interiit
576 2686 605 2731 a.
629 2666 660 2731 d.
675 2665 783 2732 XVIII.
801 2665 862 2732 kat.
877 2665 969 2732 Febr.
987 2670 1066 2733 anni
1085 2670 1128 2734 69
1149 2670 1267 2752 (Tacit.

100 2775 174 2842 hist.
203 2776 345 2855 1,47.),
385 2778 417 2839 et
445 2794 474 2839 a.
498 2774 529 2838 d
552 2773 618 2840 Xll.
647 2774 709 2839 kal.
743 2775 808 2839 Ian.
842 2775 986 2839 eiusdem
1023 2777 1101 2841 anni
1130 2777 1270 2845 Vitellius

43 2897 45 2900 ·
99 2883 291 2965 dignitatem
321 2880 559 2963 imperatoriam
590 2880 653 2945 iam
681 2881 874 2963 deposuerat
903 2879 1016 2962 (Tacit.
1038 2881 1110 2950 hist.
1131 2882 1184 2961 ΠΙ,
1212 2886 1267 2949 67:

99 2987 169 3054 XV.
190 2988 253 3053 kal.
276 2987 401 3052 Ianuar.
422 3023 464 3036 -
485 2986 572 3070 pullo
592 2987 711 3052 amletu
733 2985 818 3067 etc).
850 2985 970 3064 Quodsi
992 2987 1060 3054 illos
1084 2989 1119 3053 11
1145 3010 1270 3057 menses

99 3097 134 3159 et
154 3095 173 3159 7
195 3093 262 3159 dics
281 3093 325 3158 ad
346 3093 431 3158 diem
453 3091 521 3157 XV.
535 3092 673 3157 Ianuarii
686 3092 846 3169 addimus,
866 3092 934 3157 dies
951 3101 1132 3176 postremus
1147 3098 1269 3181 imperii

100 3201 262 3268 Vitelliani
278 3201 336 3265 luit
355 3220 384 3266 a.
405 3200 436 3265 d.
454 3200 519 3265 XII.
538 3204 594 3265 aut
615 3199 668 3264 XI.
690 3199 752 3264 kal.
773 3198 949 3266 lanuarias.

184 3307 392 3390 Quamquam
420 3307 495 3372 huic
522 3307 638 3372 rationi
658 3327 697 3373 ea
717 3328 769 3372 res
790 3307 898 3390 aliqua
919 3329 960 3373 ex
981 3313 1072 3392 parte
1090 3331 1270 3395 repugnare

100 3414 237 3493 videtur,
256 3414 344 3497 quod
362 3412 503 3479 Vitellius
522 3416 602 3478 teste
622 3414 756 3496 losepho
776 3434 806 3479 a.
824 3415 856 3479 d.
881 3414 959 3481 XIII.
975 3415 1040 3482 lral,
1056 3416 1121 3483 lan.
1142 3420 1270 3501 periisse

100 3520 218 3586 dIcitur
247 3519 303 3599 (th.
327 3518 379 3597 lv,
409 3518 462 3597 14,
490 3518 527 3582 4:
556 3526 648 3603 τρίτῃ
675 3518 863 3584 Ἀπελλαίου
888 3521 1008 3604 μηνός;
1035 3523 1136 3589 Noris
1158 3527 1269 3607 epoch.

101 3627 230 3712 Syrom.
260 3626 383 3690 dissert.
415 3623 441 3703 l,
470 3643 499 3687 c.
520 3624 557 3703 3,
588 3645 619 3706 p.
640 3624 721 3705 61.);
752 3645 814 3690 neo
842 3631 953 3692 tamen
986 3628 1066 3694 haec
1094 3631 1271 3699 differentia

104 3735 200 3802 unius
220 3733 269 3798 vel
293 3732 433 3797 duorum
460 3730 583 3795 dierum
605 3731 951 3814 impedit‚,qu0minus
984 3754 1025 3799 ne
1051 3737 1114 3803 hoc
1141 3741 1271 3821 quidem

100 3845 175 3909 loco
188 3841 231 3906 de
239 3839 402 3904 lunaribus
417 3837 579 3904 mensibus
595 3839 646 3920 agi
655 3841 844 3917 statuamus,
860 3840 916 3905 sed
930 3860 948 3906 e
962 3861 1095 3909 numero
1112 3847 1268 3913 mensium

103 3954 138 4015 et
158 3947 311 4030 imprimis
332 3945 456 4010 dierum
479 3946 578 4010 fastos
593 3945 731 4010 Iulianos
754 3948 904 4029 usurpari
923 3949 1152 4031 intellegamus.
1185 3953 1270 4019 Nam

102 4055 242 4139 spatium
264 4052 432 4134 temporis,
461 4052 548 4134 quod
578 4053 744 4117 intercedit
773 4054 855 4118 inter
883 4055 967 4119 diern
987 4056 1053 4121 XV.
1075 4058 1212 4123 Ianuarii
1239 4067 1272 4126 et

102 4160 185 4228 XXI
200 4159 383 4224 Decembris
404 4160 453 4223 est
471 4158 619 4224 undecim
640 4160 797 4226 mensium
818 4164 852 4223 et
873 4159 891 4224 7
913 4162 1046 4241 dierum,
1068 4165 1212 4230 adhibito
1228 4168 1271 4232 ad

103 4268 189 4334 hanc
211 4264 370 4330 rabonem
392 4263 576 4332 kalendano
596 4263 735 4344 lullano,
758 4283 824 4331 non
846 4266 949 4332 lunari
968 4267 1135 4338 Hebraico.
1158 4307 1197 4318 -
