3292 5267
673 487 712 553 17

189 664 257 731 lam
276 682 373 747 supra
393 663 716 732 commemoravimus
745 665 880 731 nomina
913 665 1071 732 mensium
1091 663 1279 730 Αὐδυναίου

97 774 136 836 ct
157 774 314 854 Ileplutov
345 772 432 854 apud
453 770 623 855 losephum
653 772 844 850 desiderari;
874 773 924 838 his
950 772 1114 838 mensibus
1140 770 1279 854 legiones

96 882 137 946 in
159 878 289 943 liberuis
305 878 479 944 collocatae
495 881 596 956 erant,
618 879 726 962 itaque
744 898 852 944 rorum
872 879 1006 963 scriptor
1028 878 1106 943 nihil
1127 878 1278 956 habebat,

98 983 194 1068 quod
224 985 266 1050 de
295 984 330 1049 iis
359 988 515 1050 narraret.
566 983 716 1050 Ceterum
755 986 876 1060 nescio,
893 1003 938 1050 an
966 984 1085 1069 aliquid
1120 984 1163 1050 ad
1194 984 1279 1049 hanc

102 1091 331 1175 quaestionem
340 1091 437 1156 etiam
450 1091 746 1173 antiquissimorum
761 1091 908 1156 codicum
919 1090 1019 1156 Flavii
1027 1091 1154 1174 losephi
1168 1094 1280 1157 aucto-

95 1198 182 1263 ritas
194 1198 348 1276 couierat,
370 1198 539 1286 inquibus
562 1217 621 1280 pro
641 1198 823 1265 nominibus
843 1198 1000 1264 mensium
1015 1197 1280 1281 Syromaoedoni·

98 1322 219 1369 corum
238 1303 573 1374 nominalulianorum
584 1303 703 1387 scripta
714 1307 798 1384 sunt,
814 1304 902 1369 velut
917 1304 949 1368 in
958 1304 1113 1369 Vaticano
1123 1323 1169 1384 gr.
1179 1302 1239 1369 148
1247 1303 1280 1367 et

96 1407 251 1475 Palatino
267 1429 314 1492 gr.
327 1410 389 1475 284
406 1430 545 1493 quorum
565 1415 701 1494 uterque
712 1411 842 1478 saeculo
857 1410 911 1476 XL
925 1413 983 1477 aut
996 1410 1063 1475 ΧΠ.
1079 1410 1277 1492 conscriptus

105 1514 211 1597 esst).
336 1577 339 1582 ,

185 1620 271 1702 Quin
292 1622 389 1687 etiam
409 1621 608 1708 Hegesippus
635 1624 691 1708 qui
711 1624 845 1703 dicitur,
872 1641 969 1706 quem
991 1624 1129 1687 exeunte
1150 1618 1277 1685 saeculo

101 1729 225 1810 quarto
245 1727 416 1811 losephnm
441 1730 630 1811 expressisse
658 1729 790 1807 scimus,
819 1748 879 1812 pro
907 1727 1090 1794 nominibus
1120 1726 1278 1791 mensium

97 1831 465 1917 Syromacedonioorum
506 1834 702 1901 lulianorum
751 1835 925 1902 substituit.
994 1834 1085 1913 Quae
1121 1834 1148 1898 si
1192 1836 1278 1897 recte

96 1938 353 2023 disputavimus,
374 1941 433 2007 loci
453 1941 497 2006 illi
516 1941 640 2025 losephi
662 1960 743 2025 quos
764 1960 864 2025 supra
886 1941 1074 2019 attulimus,
1103 1938 1193 2005 haud
1214 1940 1279 2003 scio

96 2065 145 2111 au
167 2047 386 2130 antiquissima
405 2048 588 2114 testimonia
606 2048 782 2115 kalendarii
801 2046 1081 2131 Syromaoedonici
1104 2046 1185 2125 siut,
1207 2065 1275 2128 quo

95 2153 233 2235 quidem
262 2157 388 2219 ceterae
416 2154 556 2220 rationes
588 2159 789 2238 temporum,
822 2173 907 2237 quae
938 2154 972 2219 in
992 2153 1084 2239 Syria
1114 2152 1274 2232 valebant,

95 2259 266 2342 paullatim
288 2260 358 2326 loco
378 2265 486 2327 motae
507 2281 574 2328 esse
598 2265 739 2339 constat3
759 2261 821 2325 vid.
833 2260 935 2326 ldeler
948 2259 1057 2326 techn.
1072 2259 1274 2340 chronologia

95 2364 121 2446 1,
143 2387 176 2450 p.
195 2367 261 2432 530
282 2370 316 2432 et
338 2367 388 2433 31.
413 2403 452 2413 -

645 2516 723 2578 ΠΙ.

182 2623 484 2706 Supplementa
506 2644 640 2690 rerum
670 2630 886 2707 gestarum
914 2627 1170 2710 imperatoris
1191 2624 1275 2689 Titi

93 2729 328 2796 secuudum
357 2731 597 2813 temporum
629 2733 808 2798 ordinem
839 2735 1159 2817 dispositarum:

93 2834 138 2900 A.
146 2854 178 2917 p.
190 2833 264 2899 Chr.
276 2836 326 2900 39.
348 2835 438 2902 'litus
461 2839 604 2903 nascitur
626 2858 656 2903 a.
678 2840 709 2903 d.
734 2839 782 2904 ΠΙ.
807 2840 869 2905 kal.
892 2839 958 2905 lan.
975 2839 1051 2904 anni
1072 2861 1104 2923 p.
1126 2838 1269 2904 (16639.

96 2941 256 3006 3611666.
272 2942 311 3006 ci.
339 2942 426 3008 Suet,
454 2944 517 3010 Tit.
547 2965 575 3010 c.
598 2946 625 3011 1.
659 2945 719 3010 Dio
746 2945 875 3011 Cassius
896 2944 1009 3025 LXVI,
1041 2946 1089 3011 18.
1118 2943 1272 3027 (Zonaras

267 3066 342 3113 ann.
362 3048 416 3129 XI,
440 3050 501 3130 18.)
519 3050 629 3115 Aurel.
652 3050 730 3116 Vici.
752 3052 828 3134 epit.
850 3052 890 3131 X,
913 3053 962 3118 15.

117 3171 148 3217 a.
170 3153 221 3217 55.
267 3155 400 3220 Interest
414 3156 509 3222 morti
524 3155 708 3236 Britannici,
718 3156 772 3223 filii
787 3158 988 3240 imperatoris
997 3157 1130 3239 Claudii,
1140 3157 1268 3223 ineunte
1390 3184 1394 3191 ·

269 3278 357 3325 anno
377 3262 428 3326 55.

116 3382 149 3428 a.
169 3364 221 3428 56.
265 3364 427 3432 Tribunus
447 3369 584 3434 militum
606 3370 639 3433 in
654 3369 827 3438 Germania
838 3378 871 3439 et
887 3374 920 3439 in
935 3373 1102 3440 Britannia
1117 3377 1274 3438 versatur·

106 3468 194 3535 nun.
207 3470 234 3534 1.
267 3472 355 3642 ῗηθῒ.
376 3472 439 3539 Τ11.
460 3473 490 3537 4.
529 3474 611 3539 Plio.
639 3480 704 3541 nat
733 3478 806 3543 hist.
835 3480 935 3562 praef.
964 3479 1034 3562 53.
1063 3479 1165 3546 Tacit.
1200 3480 1272 3556 hist,

283 3578 308 3657 l,
335 3579 384 3644 77.

128 3700 158 3746 a.
172 3682 223 3747 67.
271 3683 405 3751 Ineunte
433 3706 520 3753 anno
550 3690 601 3755 67.
630 3662 754 3771 legatus
787 3695 889 3776 patris
922 3695 1037 3775 legioni
1069 3699 1270 3780 praepositus

268 3789 499 3858 Alexandriam
526 3795 680 3878 mittitur,
713 3798 799 3863 unde
829 3798 910 3864 duas
929 3799 1085 3881 legiones,
1118 3802 1154 3868 V.
1176 3808 1209 3870 et
1230 3804 1270 3870 X.

267 3894 300 3959 in
321 3894 541 3965 Palaestinam
562 3906 674 3968 contra
695 3902 830 3970 ludaeos
850 3906 948 3972 ducit.

266 3999 353 4067 Suet.
375 4002 438 4069 Tit.
459 4027 485 4071 6.
507 4008 535 4072 4.
557 4008 679 4093 loseph.
698 4011 773 4076 bell.
795 4013 862 4077 lud.
882 4013 938 4092 111,
962 4014 990 4094 l,
1010 4016 1030 4081 3
1052 4019 1084 4080 et
1103 4016 1133 4094 4,
1157 4017 1185 4082 i.

100 4109 291 4123 ..ι--οιι-ι

166 4155 192 4224 ’1
210 4156 340 4212 Codicum
355 4160 521 4231 scripturam
531 4183 555 4220 v.
568 4166 602 4221 61.
611 4166 694 4224 Niese
712 4168 911 4240 benignissime
922 4189 1028 4228 mecum
1041 4174 1266 4235 communicavit:

93 4252 151 4305 quo
179 4238 312 4296 beneficio
336 4260 380 4300 me
403 4244 433 4299 in
456 4247 508 4302 hoc
532 4248 630 4305 libello
656 4250 800 4307 scribendo
824 4255 900 4310 haud
925 4256 1104 4313 mediocriter
1129 4259 1269 4315 adiuvisse

93 4323 237 4390 putandus
254 4328 304 4380 est
329 4326 427 4396 Neque
446 4330 563 4387 aliorum
582 4333 703 4390 virorum
722 4336 866 4394 doctorum
885 4357 937 4412 ope
955 4342 1107 4399 destitutus
1118 4342 1167 4410 iui,
1184 4360 1268 4412 quam

94 4406 257 4477 praedicare
274 4409 389 4481 longum
408 4415 458 4468 eet.
