3292 5267
679 452 773 528 ri·

319 689 321 696 ,
363 630 471 715 Κόρου
491 626 724 714 βασιλεύοντος
739 627 925 713 ε’ποιὴσιιτο
942 628 1087 712 Ἀγγαῖος,
1107 628 1164 712 ἔτι)
1181 636 1275 713 μέχρι

314 728 317 732 ’
360 742 418 823 τὴς
468 737 537 800 υπὸ
580 736 841 802 Οὐεσπασιανοῦ
891 732 1043 809 dionem
1099 733 1275 817 τριάκοντα

364 846 460 909 ε’ννέα
479 844 563 926 πρός
584 842 775 922 ἑξακοσίοις,
807 842 862 904 καὶ
888 842 1006 924 ἡμέραι
1025 840 1275 923 τεσσαράκοντα

363 959 473 1014 πέντε.

172 1063 223 1146 Vl,
251 1064 282 1141 5,
303 1062 340 1126 3:
363 1058 600 1140 άθροιζομένου
636 1058 696 1119 τοῦ
726 1055 807 1120 λαοῦ
838 1054 921 1138 πρός
950 1053 1012 1140 τὴν
1042 1058 1108 1120 τῶν
1137 1053 1275 1137 Ἆζόμιαν

363 1163 488 1246 ἑορτὴν,
510 1161 609 1246 ὀγδόη
625 1152 920 1246 δῆν-Ξανθικοῦ
939 1163 1049 1246 μηνός,
1068 1164 1153 1230 κατά
1163 1162 1278 1239 νυκτός

363 1269 504 1353 ἐννάτιγν
526 1266 622 1352 οῗραν.

177 1399 212 1450 Διι
255 1378 285 1456 6,
308 1377 343 1441 l:
369 1384 506 1460 πέμπτῃ
526 1376 565 1438 δὲ
585 1376 699 1462 ἡμέρρι.

195 1511 211 1538 »
254 1485 285 1564 6,
309 1485 345 1549 3:
367 1482 398 1546 οἱ
428 1481 457 1545 δ’
489 1483 614 1565 ἐκείνην
642 1492 703 1564 μέν
731 1485 874 1564 ἐπέσχον
905 1485 966 1568 τὴν
993 1482 1133 1568 ἡμέραν,
1162 1486 1205 1570 τῇ
1232 1485 1272 1547 δὲ

362 1587 521 1671 ὑστεραίᾳ
542 1613 570 1652 κ.
587 1611 615 1651 τ.
634 1588 661 1653 λ.
946 1655 950 1662 ,

194 1717 210 1753 ιι
254 1696 287 1773 6,
307 1695 345 1759 4:
366 1695 451 1758 κατά
473 1693 596 1779 ταύτην
617 1695 679 1777 τὴν
699 1694 835 1778 ἡμέραν.

197 1823 213 1861 α
257 1802 286 1880 7,
309 1802 409 1884 λιτῇ
427 1800 465 1864 or
487 1799 561 1885 ἑξῆς

195 1934 212 1962 »
256 1909 286 1986 8,
309 1909 344 1973 l:
366 1905 487 1971 Λάου
507 1907 611 1990 μηνός
630 1905 748 1972 εἰκάδι.

194 2039 210 2068 ν
254 2015 284 2093 8,
304 2013 342 2077 42
366 2013 670 2095 συντετελεσμένων
687 2012 726 2078 δὲ
743 2006 809 2094 ἡόη
823 2011 879 2077 καὶ
894 2013 961 2076 τῶν
975 2011 1138 2094 χωμάτων
1151 2010 1277 2097 ἑβδόμῃ

367 2124 605 2201 Γορπιαίου
626 2119 744 2201 μηνός,
775 2119 812 2181 έν
833 2116 1054 2182 ὀκτωκαίδεκα
1071 2120 1213 2203 ἡμέραις.
1236 2154 1277 2168 ··-

192 2250 209 2278 »
252 2226 282 2305 8,
303 2227 342 2290 5:
363 2226 469 2309 ἡμέρα
491 2229 737 2308 Γορπιαίου
756 2225 859 2308 μηνός
879 2224 988 2308 α’γόόη.

192 2357 209 2386 ε
232 2332 282 2411 10,
304 2333 340 2396 l:
363 2336 596 2414 Γορπιαίου
616 2331 718 2415 μηνός
735 2329 845 2414 ὀγδόῃ.
897 2365 902 2374 -

168 2519 233 2598 VH,
255 2521 282 2600 1,
303 2521 340 2585 3:
362 2524 447 2603 τρεῖς
467 2521 589 2605 ἡμέρας
612 2520 842 2605 συνεορτάσας.

194 2653 210 2680 »
253 2628 284 2705 5,
305 2627 341 2691 4:
360 2628 437 2708 περὶ
458 2627 569 2711 αυ’τὴν
589 2628 772 2709 α’ργομένιγν
793 2622 858 2708 ἤδη
877 2624 939 2710 τὴν
960 2625 1009 2687 ἔα.

194 2758 211 2786 κ
253 2734 284 2811 5,
305 2734 341 2798 6:
361 2730 485 2816 ταύτην
502 2733 563 2815 γάρ
584 2734 645 2817 τὴν
666 2733 800 2818 ἡμέραν.

200 2858 216 2895 ν
259 2838 288 2918 9,
309 2840 344 2902 1:
363 2837 643 2930 πεντεκαιδεκάτῃ
663 2839 891 2911 Ξανθικοῦ
909 2835 1021 2924 μηνός.

187 2968 230 3035 Hi
252 2973 328 3034 sunt
348 2970 409 3034 loci
437 2971 553 3054 quibus
574 2971 728 3053 Iosephus
749 2974 853 3037 certos
874 2970 940 3036 dies
961 2967 1120 3053 appollon
1151 2969 1184 3035 in
1206 2988 1273 3053 quo

103 3077 184 3159 quin
210 3075 395 3140 kalendario
426 3075 732 3159 Syromaeedonioo‚
766 3076 798 3142 id
828 3079 877 3141 est
910 3075 1035 3142 iuliano
1063 3078 1190 3155 utatur,
1226 3077 1280 3143 vix

106 3180 243 3246 dubium
263 3181 469 3273 relinquetur,
492 3181 547 3246 ubi
568 3182 649 3248 haee
667 3183 918 3266 respexerimus:

188 3287 299 3352 Libros
328 3288 369 3352 de
396 3287 480 3352 bello
509 3288 639 3355 ludaico
665 3289 778 3371 quales
806 3289 850 3356 ad
877 3307 937 3356 nos
965 3290 1181 3372 pervenerunt
1213 3306 1279 3353 non

105 3394 232 3462 Indaeis
263 3393 462 3471 hominibus,
491 3394 547 3458 sed
576 3394 734 3464 Romanis
766 3399 798 3460 et
824 3394 951 3462 Graecis
978 3395 1111 3478 scriptos
1140 3411 1209 3460 eme
1240 3414 1280 3460 ex

104 3500 181 3584 ipsis
201 3499 305 3564 verbis
320 3499 446 3581 Iosephi
467 3503 620 3583 apparete
641 3499 714 3565 bell.
729 3501 796 3566 lud.
815 3519 957 3583 prooem.
975 3498 994 3582 ἕ
1010 3500 1045 3566 1:
1063 3498 1281 3585 »προυθέμην

104 3606 169 3687 ἐγιό
196 3608 277 3677 τοῖς
304 3606 402 3667 κατά
436 3605 506 3688 τὴν
540 3605 728 3686 Ῥωμαίων
761 3605 976 3689 ἡγεμονίαν
1018 3604 1279 3690 α’φὴγὴσασθαιι

102 3711 147 3778 ib.
178 3709 256 3793 §22
283 3704 413 3774 άτοπον
438 3701 498 3774 οὖν
523 3711 699 3794 ἡγησάμην
735 3711 866 3791 α’γνοεῖν
886 3708 1043 3794 Ἕλληνας
1077 3715 1185 3775 ταῦτα
1212 3714 1281 3777 καὶ

101 3822 303 3899 Ῥωμαίων
324 3818 419 3891 τους
440 3818 492 3900 μὴ
513 3817 999 3899 ἐπιστρατευσαμένους.
1021 3814 1151 3899 ing&
1173 3818 1282 3901 κάγιό

104 3927 183 4005 μὲν
214 3921 467 4005 ἀναλώμασι
492 3922 563 3986 καὶ
591 3922 737 3997 πόνοις
765 3921 1012 4005 ἀλλόφυλος
1042 3919 1285 4007 οἳνἝλληοέ

106 4051 149 4091 τε
170 4030 238 4092 καλ
261 4028 473 4109 Ῥωμαίοις
502 4028 573 4111 τὴν
608 4028 782 4112 μνὴμιγν
820 4031 898 4092 τῶν
936 4027 1283 4110 κατορθωμάτων

107 4135 367 4218 α’νατίόιγμια
427 4132 510 4198 Cum
547 4134 642 4216 igitur
659 4209 662 4214 ,
677 4135 748 4202 libri
781 4134 813 4200 in
855 4153 952 4200 usum
995 4138 1027 4199 et
1065 4135 1281 4215 cognitionem

107 4242 330 4320 Romanorum
352 4242 521 4323 eidemque
541 4240 623 4306 adeo
638 4240 731 4308 ,iussu
752 4245 784 4304 et
806 4242 965 4308 mandatu
980 4240 1043 4306 Titi
1057 4240 1282 4308 Romanorum
1339 4276 1343 4285 ·

107 4349 310 4433 imperatoris
332 4346 500 4430 conscripti
519 4345 595 4428 sint,
614 4345 694 4429 (vid.
718 4348 777 4424 los,
800 4348 855 4413 vit.
880 4366 908 4414 e.
926 4349 987 4413 65:
1019 4351 1116 4420 Τίτος
1135 4345 1283 4430 χαράξας

1040 4452 1081 4507 2*
